1804 3079
0 244 8 340 i

846 76 902 127 ις

6 178 9 241 3
69 178 237 237 quam
272 159 446 218 verbis
480 159 551 214 est
578 158 838 215 refertior,
913 158 1125 214 Dolent
1146 158 1374 231 experti,
1406 158 1685 229 antiquam

68 235 217 292 hanc
237 231 583 305 fimpucitatis
604 231 928 304 majestatem
944 270 962 297 ,
986 248 1107 303 quae
1119 228 1188 284 ab
1204 228 1420 311 Augusti
1436 241 1685 298 tempore

67 309 126 363 iu
157 305 481 378 eloquentiae
500 344 517 369 ,
545 304 779 376 picturae,
798 303 1490 383 architecturae,‘ce-terisque
1503 301 1683 385 operi-

65 379 169 435 bus
196 379 372 433 elucet
386 416 403 442 ‚
422 377 624 431 felicius
636 375 911 450 postremis
923 375 1121 430 saeculis
1135 374 1280 429 fuiflc
1294 376 1348 429 in
1359 375 1467 429 aliis
1482 414 1498 437 ,
1514 389 1682 446 quam

63 453 124 509 in
155 448 542 506 numismatum
580 447 870 522 symboliS,
900 446 1184 505 redditam.
1273 449 1470 519 Qum
1494 457 1682 501 tamen

63 523 452 580 numismatum
480 519 543 576 fit
570 537 802 586 munuS,
837 523 1169 595 reliquorum
1206 523 1680 575 monimentorum

63 596 239 651 moles
267 595 444 664 paucis
467 594 540 649 ita
564 593 881 668 complecti,
908 608 968 651 ut
989 593 1152 666 digna
1167 590 1297 658 fint,
1318 611 1440 667 quae
1452 589 1680 672 non-ipsa

68 667 235 723 solida
248 667 349 722 stru
357 666 500 722 &ura
513 683 631 722 uno
644 666 702 722 in
714 666 843 722 loco
855 706 867 727 ,
879 667 969 724 sed
981 668 1107 723 artis
1120 665 1411 721 eminentia
1427 680 1678 720 omniurn

68 741 125 797 in
145 739 396 795 manibus
417 756 600 793 aevum
623 752 801 813 agant.

179 813 371 867 Artem
390 811 520 867 vero
534 812 652 885 quis
666 810 738 866 est
749 852 766 877 ,
779 813 872 886 qui
884 823 1088 887 quaerat
1100 812 1155 868 in
1166 809 1274 866 sola
1287 811 1489 867 externi
1503 811 1694 886 operis

63 885 226 941 cura?
250 884 448 958 Ecquis
470 884 629 940 etiam
644 900 763 940 non
776 886 1000 941 miratur
1012 924 1030 951 ‚
1044 883 1138 939 illo
1148 883 1260 955 ipso
1270 897 1548 958 tempore,
1599 903 1676 940 uo

64 958 296 1029 majores
333 956 497 1011 nostri
530 957 754 1038 antiqua
786 959 1113 1015 numismata
1147 956 1421 1035 imitari&
1442 973 1586 1012 aemu
1608 958 1679 1014 ari

0 1061 1 1066 κ
61 1042 352 1103 coeperunt
367 1068 384 1094 ,
406 1024 586 1084 minus
609 1027 678 1084 de
698 1031 1013 1087 inventione
1028 1069 1049 1111 ³.
1069 1046 1191 1104 quae
1203 1031 1382 1086 anima
1394 1028 1679 1105 est,quam

61 1097 130 1157 de
152 1102 454 1176 imaginum
476 1101 739 1173 elegantia
759 1100 906 1159 fuiffe
928 1102 1267 1179 cogitatum?

200 1175 351 1228 Illam
372 1174 572 1248 ingenii
591 1175 825 1249 artisque
846 1175 1295 1249 conjugationem
1309 1174 1578 1232 continuo
1590 1193 1678 1232 ex-

62 1246 248 1321 emplo
277 1247 513 1320 primum
536 1245 662 1301 huic
688 1249 831 1303 aetati
844 1246 1132 1303 restituiffe·
1173 1249 1376 1305 cavero
1388 1248 1558 1318 gloria
1571 1247 1678 1316 est,

56 1337 222 1393 quam
248 1322 336 1376 vix
352 1320 451 1373 alia
462 1319 762 1375 recentiora
774 1320 1095 1376 numismata
1161 1320 1294 1374 alliae
1308 1318 1530 1377 dubiam
1542 1321 1675 1377 faci-

54 1405 157 1448 unt
180 1393 236 1447 in
257 1390 523 1448 Ludovici
545 1392 692 1448 XIV.
718 1392 1087 1457 monimentis,
1100 1392 1403 1448 imitatione
1413 1410 1580 1468 quam
1591 1395 1674 1450 in-

54 1463 292 1521 videntia
327 1463 680 1535 dignioribus·
755 1463 839 1519 Est
878 1466 1028 1521 enim
1059 1477 1308 1538 tempore
1329 1466 1428 1520 illis
1451 1466 1672 1539 posteri·

57 1553 123 1590 or
139 1537 315 1594 brevis
329 1576 346 1602 ,
372 1535 465 1591 sed
480 1554 507 1590 e
548 1536 689 1610 regia
700 1536 850 1593 series
862 1536 1249 1593 numismatum
1260 1576 1278 1603 ,
1304 1555 1412 1612 qua
1425 1537 1672 1597 Illustriss.

58 1608 420 1682 Spanhemius
445 1612 531 1681 gel
556 1627 588 1663 a
614 1608 861 1666 friderici
882 1610 1047 1665 Primi
1072 1610 1324 1667 Boruffiae
1338 1611 1503 1685 Regis
1530 1611 1672 1666 cele-

54 1678 235 1738 bravit
247 1696 265 1754 3
292 1681 502 1738 Gallica
514 1681 658 1738 certe
672 1681 941 1757 postrema
953 1683 1243 1740 nationum
1255 1682 1478 1739 aliarum
1490 1684 1517 1756 (
1527 1684 1671 1740 exci-

53 1753 252 1828 pienda
289 1753 360 1809 est
396 1753 589 1824 Italia)
626 1755 905 1828 ingenium
946 1754 1193 1827 superant
1206 1794 1224 1820 ‚
1253 1754 1291 1810 fi
1322 1772 1441 1811 non
1477 1768 1672 1814 artem.

53 1825 526 1902 Qandoquidem
550 1827 908 1899 Anglicorum
923 1828 981 1884 &
1003 1828 1352 1885 Suecicorum
1374 1829 1673 1885 numisma-

54 1910 176 1957 tum
200 1897 350 1955 bona
367 1915 514 1974 pam,
525 1896 858 1971 sculptorum
870 1898 1167 1974 praestantia
1178 1897 1323 1956 cedit
1331 1898 1670 1975 pauciffimis·

168 2028 243 2138 E
213 2027 300 2142 st
329 2026 616 2136 aliquid
631 2029 932 2138 prodire
974 2039 1231 2127 tenus,
1260 2025 1331 2139 li
1358 2052 1519 2139 non

421 2142 594 2207 datur
620 2144 805 2214 ultra.

117 2287 217 2346 NB.
257 2288 575 2352 Sequentium
608 2287 949 2340 numismatum
971 2289 1207 2353 quaedam,
1230 2299 1287 2337 ut
1307 2301 1415 2354 pag.
1431 2291 1560 2352 194⁹.
1577 2306 1660 2351 25·

241 2366 286 2414 p.
306 2356 382 2413 65.
399 2354 461 2407 ὃς,
482 2369 586 2418 quae
603 2353 724 2402 illud
738 2353 1004 2417 excipiunt,
1020 2351 1304 2415 Bohemica,
1316 2367 1415 2405 non
1426 2354 1640 2419 percuffa
1653 2385 1672 2411 ,

246 2413 325 2465 sed
343 2432 451 2467 cera
472 2430 662 2470 tantum
677 2415 781 2470 sunt
795 2418 949 2471 effinsta
965 2418 1283 2484 conflataque‚

1395 2594 1671 2669 Adven-
