1804 3079
839 151 945 203 330

83 265 142 316 tis
174 260 614 327 dijudicationibus
653 261 871 330 cognita.
983 260 1032 311 Si
1060 258 1210 312 etiam
1236 278 1293 312 ea
1317 295 1329 319 ,
1366 276 1525 331 quam
1550 278 1710 332 nuper

79 333 460 388 examinandam
476 333 602 384 mihi
628 332 796 391 sumsi,
813 335 861 385 in
887 334 1049 401 Styria
1076 331 1335 404 superiori,
1350 335 1710 392 caverna.nul-

77 407 109 460 li
141 425 294 479 qvam
319 405 421 459 vidi
445 408 498 460 δε
520 404 718 466 audivi,
752 405 845 459 situ
872 405 1066 459 sublimi
1088 442 1102 465 .
1157 405 1290 462 vasta
1312 410 1712 460 concameratio-

77 479 829 553 ntxlongitudinesserumque
852 478 1175 551 singularium
1198 479 1448 534 fertilitate
1465 479 1678 533 secunda
1696 517 1709 539 ‚

77 554 192 606 orbi
219 554 436 608 litterato
450 555 558 606 satis
573 552 861 606 innotuisset
885 571 982 624 pro
995 552 1372 625 ealuce,quam
1394 559 1496 624 ejus
1517 568 1710 607 natura-

77 623 133 680 lis
147 626 402 698 dispositio
418 627 535 680 huic
556 627 869 699 indagationi
893 626 1058 698 potest
1073 625 1266 681 afferre.

220 714 366 765 Hanc
386 710 654 763 describere
676 710 863 764 institui
894 745 908 769 ,
935 727 1042 763 non
1070 728 1237 765 meam
1260 711 1423 765 facere
1451 708 1706 779 disputan·

76 784 205 838 tium
224 783 390 843 litem,
409 788 573 838 minus
596 782 647 835 id
674 784 800 836 mihi
821 782 1012 836 deferre
1039 783 1313 851 judicium,
1338 782 1484 857 quod
1508 783 1704 854 singulis

76 858 179 912 aliia
217 856 415 929 derogo
433 895 447 917 ,
495 857 713 910 docilem
756 875 840 909 me
878 855 1174 912 submittens
1222 861 1404 927 majori
1453 875 1705 914 numero»

75 930 230 1004 aequo
256 935 473 986 veritatis
500 934 927 1002 amore.patique
948 933 1157 1004 ingenio
1181 935 1233 989 &
1256 934 1553 1004 experientia
1578 931 1706 998 diju-

73 1004 279 1058 dicanti.
366 1005 445 1058 Ne
469 1042 481 1062 ‚
514 1007 602 1076 qui
638 1004 924 1058 dissentiunt
949 1041 965 1064 ‚
994 1007 1045 1058 in
1078 1009 1280 1078 propria
1321 1004 1482 1060 causs'a
1519 1004 1709 1074 judices

74 1078 464 1133 constituantur.
576 1077 667 1131 Etsi
696 1083 828 1131 enim
855 1080 905 1132 in
934 1078 1010 1132 his
1033 1079 1392 1152 quaestionibus
1414 1114 1427 1139 ,
1460 1095 1709 1150 quatenus

73 1151 142 1205 de
162 1150 418 1207 saliorum
446 1150 824 1207 circumstantiis
850 1169 958 1205 non
982 1156 1147 1224 agitur
1167 1188 1182 1213 .
1214 1153 1499 1208 austoritati
1539 1156 1708 1207 minus

76 1223 468 1280 concedendum
496 1244 512 1287 3
572 1240 742 1278 tamen
767 1241 819 1276 m
846 1228 900 1278 iis
923 1223 1058 1296 ipsis,
1087 1245 1199 1300 quae
1225 1226 1323 1279 sola
1349 1225 1707 1279 deliberatione

73 1299 441 1368 dijudicantur,
474 1297 736 1351 fatendum
757 1298 856 1359 esta
891 1299 1062 1352 Oculo
1085 1300 1288 1359 oculos,
1306 1299 1336 1353 sl
1365 1300 1452 1353 illo
1477 1316 1584 1352 non
1614 1297 1708 1351 sint
1768 1326 1773 1330 ·

74 1376 244 1426 minus
269 1373 393 1431 sani,
417 1372 526 1442 plus
552 1372 719 1424 videre
745 1392 763 1436 ;
814 1376 866 1427 δι
889 1372 1277 1428 multitudinem
1302 1375 1574 1427 errantium
1599 1389 1706 1429 non

74 1446 171 1499 esse
198 1444 507 1511 timendam,
542 1445 632 1500 nisi
660 1450 710 1500 in
734 1445 1034 1503 facultatum
1064 1447 1360 1518 disparitate.
1451 1449 1626 1512 Qam
1653 1449 1705 1500 in

71 1521 263 1599 Vopis²
278 1538 402 1591 quas
424 1518 630 1573 consulo
642 1559 654 1577 ,
668 1518 878 1573 Illustrea
891 1522 946 1573 «Sc
957 1520 1267 1575 Dostissimae
1279 1522 1547 1576 societates
1560 1556 1574 1580 ,
1596 1537 1703 1574 non

0 1580 13 1603 ⁵
73 1617 90 1645 ι
111 1610 188 1645 cet
230 1609 313 1646 me
334 1591 687 1646 inverecundia
714 1593 950 1664 suspicari.
1043 1597 1219 1649 Meum
1246 1594 1339 1653 est,
1367 1592 1597 1646 Vestram
1621 1612 1701 1645 ex-

75 1665 351 1737 spe&ando
375 1666 666 1719 sententiam
689 1703 701 1724 ,
724 1665 847 1738 quid
872 1683 970 1736 ego
996 1671 1196 1737 opiner,
1219 1672 1286 1721 ita
1312 1667 1484 1720 timide
1511 1667 1704 1737 profer-

75 1758 162 1802 re,
186 1759 241 1794 ut
281 1742 576 1794 narrationis
623 1743 792 1810 potius
823 1757 1074 1793 contextu
1111 1740 1161 1793 id
1199 1739 1504 1813 prodidisse,
1545 1758 1703 1811 quam

76 1812 244 1867 dixisse
278 1810 490 1875 videat-3
526 1811 652 1865 dum
679 1813 865 1871 Vobis,
899 1811 1126 1878 Judiees‚
1153 1833 1267 1886 quae
1308 1813 1516 1884 spestavi
1538 1851 1551 1872 ,
1593 1832 1702 1867 tan-

76 1886 187 1941 tum
211 1886 310 1939 fide
331 1887 467 1940 bona
491 1889 545 1939 ὅ(
568 1891 851 1942 narratione
875 1885 1082 1960 simplici
1101 1888 1171 1940 ob
1198 1889 1375 1944 oculos
1405 1904 1566 1956 ponO,
1642 1887 1701 1940 ll-

74 1961 178 2014 lam
205 1959 351 2033 quod
375 1957 572 2032 lingua,
595 1977 752 2033 quam
788 1960 857 2014 est
878 1962 1049 2017 Latina
1071 2000 1086 2021 .
1113 1962 1385 2034 vulgariori
1411 1965 1461 2013 in
1486 1963 1701 2032 gratiam

76 2035 394 2088 curiosorum
418 2036 594 2088 Latine
618 2051 722 2087 non
746 2035 1068 2107 loquentium
1095 2035 1321 2106 primum
1345 2037 1699 2106 conceperim5

77 2126 231 2179 atque
256 2127 321 2160 ne
341 2110 390 2161 in
405 2110 637 2162 Latinam
663 2107 1086 2166 transscriberem,
1112 2112 1332 2180 tempori
1359 2110 1699 2179 pepercerim;

75 2181 218 2235 facile
240 2181 555 2241 excusabitis,
578 2183 709 2239 Vos,
744 2185 832 2254 qui
867 2198 976 2239 non
1004 2199 1162 2235 unam
1181 2181 1401 2255 linguam
1424 2199 1520 2251 pro
1544 2182 1700 2234 vestra

74 2255 294 2313 habetis,
319 2258 370 2308 ὅ(
391 2258 480 2327 qui
512 2258 560 2308 in
591 2256 810 2310 caussam
837 2258 1004 2327 potius
1025 2293 1043 2318 ,
1082 2274 1240 2328 quam
1278 2255 1554 2309 dietionem
1593 2255 1700 2308 estis

75 2333 267 2390 intenti,
342 2328 575 2383 Vestrum
592 2333 705 2389 erit,
730 2330 1141 2383 observationum
1162 2334 1565 2401 comparatione,
1586 2347 1696 2378 mo·

74 2418 373 2456 mentorum
395 2401 788 2474 ponderatione,
813 2401 1091 2457 dubiorum
1124 2402 1373 2457 decisione
1392 2443 1408 2468 ‚
1452 2403 1696 2468 judicium

73 2475 260 2535 facere,
297 2492 418 2530 cum
432 2475 605 2535 dehis,
624 2495 736 2547 quae
753 2492 939 2549 quanta
967 2475 1173 2547 possum
1202 2476 1554 2530 moderatione
1579 2492 1697 2546 pro-

72 2565 246 2619 pono,
272 2566 385 2603 tum
415 2547 479 2602 de
502 2553 556 2602 iis
581 2588 592 2609 ‚
620 2568 732 2620 quae
758 2549 835 2602 alii
872 2566 959 2603 aut
994 2548 1164 2601 leniter
1202 2569 1288 2603 aut
1312 2550 1483 2609 durius
1519 2565 1696 2600 contra
1767 2588 1772 2595 .

74 2640 158 2675 me
184 2622 292 2677 sunt
317 2622 514 2688 dinan,
616 2624 752 2676 Nam
790 2627 1018 2694 ingenuis
1045 2622 1232 2685 artibus
1260 2625 1457 2693 prorsus
1482 2621 1695 2691 indignae
1770 2655 1780 2697 3

73 2699 387 2747 contentioni
420 2713 525 2748 non
558 2696 718 2748 folum
745 2715 850 2749 non
873 2701 1047 2758 Vaco3
1087 2696 1164 2749 scd
1185 2700 1356 2758 etiam,
1382 2696 1414 2749 si
1441 2711 1694 2752 vac-arem,
1772 2701 1778 2738 τ’

1564 2786 1669 2820 nun
