1804 3079
786 140 891 192 145

35 222 175 291 apice
206 213 512 273 Bohemicum
537 215 738 273 Leonem
777 216 1032 287 lapideum
1067 255 1086 282 ,
1126 232 1268 269 novo
1300 214 1490 267 lumine
1518 232 1671 270 eoru-

38 295 248 347 scantem
266 329 279 352 ,
301 290 650 344 ostendebant.
726 291 920 343 Deinde
936 289 1120 359 positas
1135 290 1297 361 longo
1322 287 1499 342 ordine
1522 296 1571 343 in
1599 308 1670 343 te-

38 370 103 420 &i
117 366 278 438 podio
295 363 480 440 Regum
495 359 743 418 Bohemiae
769 365 947 417 statuas
968 399 981 421 ,
1007 362 1260 417 stellarum
1278 361 1555 418 lucidarum
1578 363 1672 418 fin·

37 444 218 514 gularis
243 439 412 510 fulgor
442 455 507 489 ita
528 437 901 497 circumdabat,
927 454 982 489 ut
999 455 1026 487 a
1051 439 1219 488 Poetis
1234 435 1541 507 adsignatam
1568 442 1674 492 He-

37 515 213 569 roibus
239 517 371 565 viam
386 511 618 562 Lasteam
633 527 882 581 occupare
898 531 913 575 3
931 527 1023 561 nec
1044 509 1294 562 astrorum
1324 509 1489 563 minus
1514 515 1675 582 auspi-

38 606 211 642 catum
230 585 852 644 influxuminnuete,imo
879 584 1013 638 urbis
1038 587 1174 655 ignes
1197 582 1435 636 fideribus
1460 601 1674 657 compa·-

39 681 173 720 rare‚
197 660 497 713 viderentur.

171 738 229 786 In
273 734 380 804 ipso
413 748 583 785 autem
610 729 776 783 Palatii
804 732 1082 801 Tympano
1117 727 1314 783 diverso
1347 729 1471 783 lucis
1493 750 1677 804 genere

40 811 312 878 intertignii
336 822 544 861 ornatus
560 805 955 858 Numismaticus
970 840 984 863 ,
1009 821 1102 857 nec
1124 822 1230 856 non
1256 823 1401 856 aeneae
1419 806 1677 875 quadratae

40 882 199 934 Tituli
221 885 369 933 literae
398 876 540 931 tanto
572 878 868 949 splendidius
891 880 1170 936 micabant,
1203 877 1401 952 quanto
1436 880 1545 932 sunt
1565 898 1677 950 pet-

42 958 205 1026 petuis
251 956 359 1006 auti
397 953 592 1005 laminis
620 950 1022 1025 magnificentius
1050 950 1289 1005 obdussae
1320 971 1337 1014 3
1393 969 1449 1006 ut
1473 954 1678 1023 posteris

40 1031 234 1098 semper
254 1026 357 1080 hoc
370 1030 422 1080 δι
436 1027 534 1080 alio
559 1026 695 1081 sensu
716 1026 1014 1100 praedicetur
1028 1026 1256 1097 inscripta
1281 1028 1557 1098 imperante
1568 1032 1677 1082 Cae-

41 1105 143 1158 sare
167 1102 357 1157 Carolo
374 1104 456 1157 v1.

552 1223 923 1275 TEMPOKVM
956 1222 1143 1277 FELIX
1176 1224 1549 1277 REPARATIO.

690 1376 724 1415 Ἰ-
844 1378 879 1414 7<
996 1372 1031 1413 -k

154 1507 247 1594 In
284 1504 608 1593 Palatio
639 1504 1006 1595 Ordinis
1039 1502 1570 1612 Teutonici,

50 1648 276 1741 Quod
295 1672 428 1742 pro
446 1665 779 1741 tempore
799 1650 1146 1720 inhabitat
1172 1643 1686 1720 Illustrisfimus

46 1744 98 1795 ὅ(
121 1739 559 1793 Excellentiffimus
583 1743 840 1793 Dominus
874 1741 1126 1810 Philippus
1162 1740 1454 1794 Ludovicus
1483 1743 1532 1790 S.
1562 1743 1623 1793 R.
1649 1743 1688 1794 1.

45 1814 399 1865 Thesaurarius
429 1812 784 1867 Haereditar‘ius
827 1817 878 1866 &
926 1818 1118 1865 Comes
1153 1813 1217 1865 de
1265 1810 1569 1865 Sinzendorf
1586 1848 1599 1872 ‚
1638 1816 1688 1867 S.

47 1887 170 1948 Gaes.
192 1890 243 1940 ὅ(
265 1889 414 1939 Cath.
439 1886 721 1954 Maiestatia
735 1887 957 1940 Consiliis
985 1891 1036 1940 δε
1056 1885 1496 1939 deliberationibus
1516 1888 1687 1941 Secre-

231 1964 288 2013 tis
311 1998 325 2021 ,
354 1961 494 2013 Aulae
527 1962 786 2032 supremus
804 1961 1159 2031 Camellani-im,
1180 1963 1342 2033 Eques
1370 1960 1508 2015 aurei

705 2035 910 2089 Velleris
933 2040 1029 2089 &a

197 2126 428 2202 Angulus
446 2132 596 2183 trivio
612 2131 864 2199 obieestus,
892 2139 943 2188 &
970 2153 994 2186 a
1024 2134 1213 2205 reliqua
1234 2130 1354 2186 aedis
1384 2131 1691 2204 symmetria

0 2205 1 2208 ’
50 2198 327 2276 discrepans
343 2239 357 2259 ,
384 2206 652 2275 tegebatur
674 2206 891 2282 Obelgfco
908 2251 923 2275 ,
944 2213 1295 2279 compitorum
1323 2210 1580 2279 praecipuo
1601 2209 1690 2262 de-

0 2281 2 2306 *
52 2276 188 2329 code.
264 2279 684 2349 AEgyptiacarum
712 2283 814 2334 hoc
852 2285 1211 2336 columnarum
1239 2298 1398 2352 genus
1417 2316 1431 2339 ‚
1455 2284 1507 2332 in
1532 2299 1692 2354 angu-

0 2387 2 2429 5
52 2349 258 2404 stiorem
282 2355 521 2403 verticem
555 2353 869 2423 produCturn
898 2395 909 2412 ,
955 2362 1072 2424 quia
1100 2356 1207 2407 solis
1228 2354 1427 2408 radium
1443 2352 1690 2427 defignat',

0 2433 2 2484 ξ
53 2428 160 2494 pari
196 2442 334 2477 nunc
375 2424 738 2496 significatione
770 2445 922 2486 novo
961 2430 1062 2483 Soli
1098 2431 1359 2481 dicabatur
1394 2446 1408 2489 ;
1446 2430 1692 2482 imitando

0 2486 2 2554 l
55 2514 162 2549 non
181 2498 343 2553 solum
388 2500 606 2567 priscum
635 2520 875 2555 ornatum
895 2542 908 2563 ,
940 2504 1019 2554 sed
1046 2511 1197 2555 etiam
1217 2506 1554 2555 recentiorem
1578 2503 1688 2556 fun*

0 2559 2 2581 ’
56 2571 310 2630 damenti,
334 2569 478 2643 [ignis
504 2572 753 2633 decorati,
772 2578 1214 2648 magnificentiam.
1302 2573 1557 2629 Sedebant
1571 2577 1695 2630 infra

57 2648 109 2696 in
136 2663 287 2716 rupe,
314 2664 469 2716 quam
502 2651 757 2701 cataradiae
775 2650 1041 2719 perlucidae
1063 2655 1114 2703 &
1140 2649 1275 2719 lapsu
1302 2648 1596 2703 albescentes
1627 2651 1690 2702 la-

61 2738 208 2780 vant,
231 2738 444 2792 uterquc
466 2723 689 2777 Orientis
713 2728 763 2778 δε
789 2721 1066 2779 Occidentis
1099 2728 1343 2779 Oceanus.
1428 2722 1510 2775 Ille
1536 2733 1687 2776 naws·r

1504 2816 1640 2850 COI‘O;
