1804 3079
853 172 950 237 336

94 299 312 351 trionem
335 291 579 364 oppofitae
595 291 734 346 ducit
756 293 805 345 in
821 291 1038 346 fundum
1056 292 1200 365 plane
1228 293 1453 347 sterilem.
1532 298 1585 348 In
1609 298 1715 366 ipso

91 370 227 423 aditu
244 366 532 420 notandum
551 369 769 419 maxime
782 366 848 420 est
860 370 1033 440 ingens
1046 385 1104 420 os
1117 367 1372 422 adhaerens
1385 370 1499 422 saxo
1515 371 1618 424 sum
1626 389 1715 424 mo

91 443 251 518 ἀέξω
275 441 449 494 lateris.

221 518 288 567 Ex
313 516 384 566 bis
409 531 522 584 quae
548 512 640 566 fint
668 511 1044 573 concludenda,
1076 513 1337 574 Vestrum,
1363 516 1634 568 Societates
1657 515 1718 568 11-

88 587 260 641 lustres
284 624 298 648 ‚
338 587 445 639 esto
469 587 740 654 judicium,
767 606 873 641 non
901 605 1097 642 meum.
1175 591 1340 641 Liceat
1365 589 1530 642 solum
1562 589 1718 641 vestra

88 680 208 715 cum
235 659 377 715 venia
403 679 463 713 ex
490 662 705 713 aliorum
735 660 1032 729 hujusmodi
1057 659 1295 714 foffih'um
1325 664 1620 734 ubicunqne
1644 680 1719 716 re-

85 752 355 807 pertorum
374 735 641 787 observaris
665 733 898 804 adjicere:

232 817 396 885 Qiod
422 817 554 869 nulla
577 816 939 875 terra,nullum
956 835 1018 871 ne
1033 817 1383 870 monstrorum
1406 816 1613 888 quidem
1642 834 1718 869 re·

89 889 252 961 liquiis
288 890 581 960 recipiendis
618 890 990 962 capacissimum
1027 909 1229 944 antrum
1261 890 1471 960 (qualia
1499 891 1719 959 exempli

84 968 246 1036 gratia
266 969 315 1017 in
343 964 576 1019 Carniola
610 965 716 1016 satis
756 964 918 1017 multa
946 965 1160 1018 aliorum
1194 963 1501 1018 mirabilium
1537 964 1716 1018 feracia

84 1040 513 1105 occurruntjhaec
538 1037 637 1090 offa
653 1038 910 1109 protuliffe
935 1037 1395 1109 deprehendantur,
1411 1037 1495 1090 nisi
1520 1057 1579 1090 ex
1595 1056 1715 1092 cau-

85 1111 144 1165 fis
168 1112 456 1166 osteocoliae
480 1112 809 1165 constitutivis
836 1113 1070 1184 quaedam
1096 1111 1244 1165 simul
1271 1109 1478 1164 decetiae
1503 1110 1610 1167 sint.

229 1185 392 1254 Qod
424 1187 599 1240 nullibi
629 1185 927 1240 misceantur
953 1187 1159 1257 species,
1187 1183 1267 1238 sed
1294 1184 1437 1256 quod
1462 1183 1713 1239 diversum

84 1257 248 1312 solum
276 1277 374 1330 pro
401 1260 482 1313 sna
519 1259 881 1313 constitutione
908 1259 1106 1314 diverIae
1136 1255 1385 1329 certaeque
1411 1259 1712 1330 produCiio-

83 1336 154 1385 nis
181 1333 237 1386 sit
256 1333 560 1386 foecundum
586 1372 598 1392 ,
627 1332 749 1387 ficut
769 1335 945 1388 dentes
968 1332 1172 1405 ossaque
1191 1350 1416 1386 cavernae
1436 1333 1583 1398 huju·
1610 1335 1709 1384 Re-

84 1406 401 1460 telsteinenfis
437 1423 554 1460 toto
590 1406 723 1459 coelo
761 1407 1005 1461 differunt
1029 1409 1093 1459 ab
1117 1407 1215 1460 aliis
1238 1446 1257 1471 ,
1288 1423 1420 1478 quos
1443 1406 1556 1459 alibi
1586 1422 1710 1458 terra

84 1481 263 1532 condit
281 1518 297 1540 ‚
332 1484 556 1551 inprimis
581 1498 608 1533 a
633 1480 965 1535 Colossalibus
998 1480 1396 1553 monstrofisque
1421 1516 1434 1538 .
1481 1478 1708 1550 qualium

0 1553 462 1625 §.indagationem
487 1554 676 1607 nostras
711 1556 1008 1608 Lambecius
1037 1553 1129 1608 suis
1158 1554 1327 1607 studiis
1362 1572 1467 1606 non
1496 1553 1710 1605 alienam

82 1626 263 1680 habuit
285 1665 298 1685 ,
339 1628 715 1700 delineatosque
747 1629 983 1681 exhibens
1018 1632 1067 1680 in
1100 1626 1380 1696 appendice
1414 1627 1534 1679 BibL
1558 1624 1707 1686 Vinci,

83 1702 383 1772 Gigantibus
411 1703 617 1763 tribuir3
653 1703 857 1771 qualem
885 1705 1036 1754 etiam
1063 1701 1255 1769 possedi
1288 1718 1407 1753 cum
1434 1717 1573 1769 parte
1598 1717 1707 1749 ma-

80 1775 233 1832 xillae,
260 1793 374 1846 quae
398 1793 585 1828 natura:
605 1778 806 1830 errantis
832 1775 993 1828 lusum
1015 1773 1266 1845 insigniter
1291 1771 1476 1843 prodit,
1543 1770 1707 1836 Qiod

82 1849 252 1900 multo
278 1852 441 1901 minus
465 1886 479 1907 ,
519 1850 664 1901 mixti
689 1851 996 1918 reperiantur
1022 1884 1036 1907 ,
1064 1865 1197 1920 quos
1227 1848 1428 1899 miscere
1468 1845 1706 1917 potuisset

82 1923 347 1975 Diluvium
373 1959 387 1980 ,
411 1921 584 1974 dentes
608 1960 620 1979 ,
643 1940 716 1980 ex,
743 1940 867 1994 grat.
903 1924 1084 1974 Lamiae
1107 1922 1419 1982 Melitenses;
1471 1919 1703 1990 qualium

78 1995 252 2067 passim
279 1999 329 2048 in
351 1999 617 2050 Germania
634 1997 879 2050 &nostrae
901 1995 1088 2050 feraces
1106 1995 1215 2049 sunt
1243 1995 1516 2066 lapicidinae
1543 1992 1704 2045 Eisen-
1751 2062 1753 2065 ι

79 2069 352 2123 stadiensem

213 2142 371 2203 Quod
390 2161 652 2214 nunquam
667 2146 718 2198 ὅ(
740 2160 994 2214 nusquam
1018 2158 1274 2213 repertum
1302 2139 1359 2194 fit
1386 2139 1600 2191 sceleton
1617 2158 1701 2191 ex·

78 2216 255 2268 bibens
289 2216 409 2283 justa
443 2221 780 2286 proportione
808 2218 1031 2269 animalis
1063 2220 1172 2268 noti
1196 2217 1547 2267 oeconomiam
1569 2250 1581 2271 ,
1612 2231 1700 2266 aut

77 2296 297 2361 partium
312 2292 682 2343 necessariarum
699 2289 831 2343 haud
849 2290 954 2358 plus
971 2289 1047 2342 vel
1066 2294 1226 2342 minus
1241 2286 1521 2339 ostendens,

220 2363 383 2431 Qod
409 2369 456 2416 in
473 2363 731 2416 horrendis
745 2365 1094 2435 &ingentibus
1118 2363 1353 2414 monstris
1371 2398 1383 2418 ‚
1404 2379 1516 2430 quae
1531 2362 1700 2430 proxi-

77 2455 160 2488 me
180 2437 422 2490 accessiffe
438 2437 500 2489 ad
516 2457 693 2491 verum
717 2438 901 2491 credita
926 2436 1273 2496 sammullam
1290 2433 1503 2504 perfe'Cie
1531 2436 1698 2484 cohae-
1774 2443 1776 2445 ’

75 2509 511 2569 serit,autdefe&u
532 2514 755 2570 caruerit,
837 2511 1042 2581 Ubique
1060 2509 1120 2562 de
1134 2513 1320 2562 incuria
1337 2507 1610 2566 fofforum,
1632 2509 1696 2557 de

72 2582 336 2652 deperditis
352 2586 561 2655 querela:
579 2605 595 2648 3
619 2585 810 2657 ubique
826 2587 1163 2639 excusationes
1177 2587 1228 2638 ὅ(
1244 2580 1542 2653 subterfugia
1559 2577 1695 2651 apud

74 2657 335 2713 struCtores
359 2660 600 2714 diffolutae
629 2660 891 2714 machinae.

1538 2788 1691 2842 Suffi-
1764 2767 1767 2775 Δ
