1804 3079
831 123 944 179 332

80 253 164 290 ma
187 231 613 305 infignivit,haud
639 230 787 294 cedit,
864 235 1062 286 Tamen
1091 231 1275 288 ossium
1303 232 1492 297 frustis,
1514 238 1706 308 magni·
1769 258 1771 278 ι
1798 236 1804 279 l

78 308 252 363 tudine
271 305 518 360 ordinaria
539 306 831 361 vastioribus
858 323 1121 378 utcunque
1149 306 1207 361 fit
1230 308 1418 378 repleta
1443 329 1459 373 3
1507 311 1704 363 nullum
1769 279 1804 353 l<

75 383 145 434 ibi
165 398 486 452 repertorum
513 398 597 440 os.
635 398 815 452 praeter
837 397 995 453 genus
1025 417 1041 439 ,
1067 385 1206 447 cujus
1227 380 1295 434 est
1325 382 1529 452 species,
1554 401 1698 435 com·
1800 380 1804 428 i

74 471 234 525 τηερε
261 453 387 525 quid
415 454 565 508 habet
592 473 714 510 cum
751 452 1182 525 portentofiffimis
1223 454 1406 507 ossium
1448 456 1705 525 partibus,
1778 475 1804 503 χ·

73 545 191 597 quae
216 527 358 598 supra
381 546 592 583 omnem
619 527 839 581 modum
866 528 1116 581 servantur
1144 531 1192 580 in
1220 546 1329 581 arce
1343 529 1700 587 Neostadiensi.

74 603 158 654 De
181 604 393 670 quibus,
418 602 506 654 ubi
535 601 626 654 sint
652 601 1115 661 effoffae,nondum
1145 603 1319 674 liquet.
1395 606 1526 656 Inter
1557 622 1610 655 ea
1633 608 1706 656 in·-

74 673 229 727 ferior
252 677 449 747 capitis,
475 692 532 728 ut
553 673 752 729 videtur
769 712 782 735 ,
808 693 917 746 pars
939 675 1262 746 longitudine
1283 677 1478 746 superat
1507 692 1589 740 ις.
1616 695 1702 746 pe-

73 746 165 802 des
186 785 201 807 ‚
225 748 469 802 struCtura
490 748 552 801 ab
586 749 880 802 animalium
913 765 1161 802 notorum
1194 753 1470 802 Anatomia
1516 750 1704 802 abhor-
1782 768 1783 773 ¹

73 836 223 876 tente.
301 821 533 890 Ejusdem
557 821 882 895 longitudinis
903 822 1091 875 ibidem
1117 822 1452 877 ostenduntur
1470 822 1577 876 duo
1597 823 1704 879 offa

71 894 327 949 costarum
350 900 573 949 nomine.
664 900 718 949 In
740 895 925 968 quibus
947 915 1070 949 vero
1096 895 1325 951 dentium
1353 898 1600 950 foramina
1627 916 1701 947 in·
1784 935 1785 939 ,

71 972 186 1024 veni
213 1005 228 1029 ,
265 970 430 1040 qualia
455 968 690 1023 dentibus
714 974 764 1023 &
793 988 950 1023 vacua
983 973 1032 1023 ὅ(
1076 969 1221 1040 plena
1247 975 1296 1023 in
1335 969 1703 1023 Retelsteinenfi

70 1056 284 1096 caverna
305 1046 664 1114 reperiuntur-3
702 1043 937 1116 adeoque
974 1061 1165 1096 tantam
1203 1043 1510 1115 deprehendi
1532 1043 1701 1097 defor-

71 1119 356 1169 mationem
385 1152 398 1174 ‚
426 1133 482 1170 ut
506 1117 611 1170 offa
636 1117 714 1171 illa
754 1136 848 1173 nec
874 1117 1019 1171 costis
1055 1135 1147 1170 nec
1174 1119 1380 1171 maxillis
1406 1116 1590 1189 poffint
1615 1117 1702 1169 ad·

69 1194 339 1245 numerati.
375 1192 535 1261 Spero
550 1190 661 1243 fore
673 1228 686 1252 ,
700 1206 755 1245 ut
770 1192 954 1244 horum
969 1191 1322 1245 delineationes
1336 1210 1456 1244 cum
1473 1191 1599 1244 orbe
1621 1191 1700 1244 lit-

68 1278 178 1318 teto
200 1267 662 1318 communicentur.
737 1268 875 1319 Cum
897 1282 1146 1320 annuente
1157 1268 1302 1318 Sacra
1317 1266 1530 1319 Caesarea
1551 1267 1703 1331 Maje-

68 1337 194 1393 state
218 1340 414 1392 animus
435 1338 517 1397 fit.
539 1337 792 1411 quidquid
815 1341 865 1391 in
880 1337 982 1391 hoc
1001 1357 1183 1410 genere
1204 1340 1465 1400 obveniet,
1485 1338 1702 1392 Neosta-

69 1411 215 1466 dium
239 1410 302 1463 ad
329 1410 612 1466 illustranda
632 1412 712 1467 illa
738 1411 958 1472 deferre,
993 1417 1044 1467 &
1060 1412 1357 1486 fingularem
1383 1414 1529 1481 hujus
1549 1430 1699 1483 gene-

68 1488 134 1539 ris
157 1484 397 1539 foffilium
412 1485 768 1540 collectionem
789 1484 1060 1540 instituere.
1151 1486 1427 1558 Obstupuit
1447 1486 1700 1559 postrema

0 1556 380 1619 *metis
400 1562 454 1613 δε
477 1559 682 1612 scientiis
710 1559 877 1613 dedita
896 1594 909 1618 ,
935 1577 1047 1613 tum
1077 1561 1361 1613 minoribus
1384 1599 1397 1619 ,
1430 1579 1540 1614 tum
1569 1562 1697 1629 paris

66 1633 172 1686 fere
194 1630 429 1689 vastitatis
457 1630 646 1686 offlbus
665 1631 885 1688 detestis.
960 1633 1228 1687 Praesertim
1251 1636 1300 1685 in
1314 1637 1599 1686 Germania.
1640 1636 1697 1685 In

68 1704 267 1761 Austria
302 1723 465 1777 Prope
508 1708 764 1759 civitatem
817 1705 1125 1759 Cremefiam
1173 1706 1297 1758 olim
1350 1725 1408 1759 ex
1456 1708 1697 1759 relatione

67 1780 273 1834 Theatr-
298 1781 490 1851 Europ.
519 1779 582 1832 de
616 1783 674 1832 A.
706 1780 861 1847 1646.
884 1782 936 1833 &
964 1797 1025 1832 ex
1065 1777 1295 1832 dentium
1340 1779 1698 1839 delineatione,

67 1871 228 1926 quam
260 1853 495 1907 Lambec.
527 1853 646 1906 Bibl.
683 1851 907 1910 Vindob.
935 1852 1216 1924 Appendici
1241 1851 1442 1906 inseruit
1471 1873 1486 1916 ;
1536 1871 1698 1924 nuper

67 1945 230 1998 prope
254 1930 425 1982 vicum
446 1926 778 2000 Langenluis3
815 1945 877 1980 ex
902 1925 1163 1990 dentibus,
1192 1944 1325 1999 quos
1343 1928 1520 1986 habui,
1546 1932 1695 1980 Lam-

66 2002 286 2056 becianis
321 1999 491 2054 adhuc
531 2002 824 2070 majoribus.
891 2004 946 2054 In
972 2001 1131 2070 Sylvae
1162 2004 1404 2054 Herciniae
1430 2000 1697 2055 montibus

64 2093 126 2128 ex
146 2075 383 2128 relatione
397 2077 661 2147 conringii
677 2073 742 2127 de
756 2078 971 2146 antiquo
987 2075 1112 2128 statu
1129 2074 1453 2137 Helmstadi13
1473 2078 1523 2128 ὃς
1555 2079 1692 2128 Hen-

65 2152 220 2221 ningii
243 2148 455 2202 Behrens
474 2152 705 2203 Hercinia
719 2147 938 2203 Curiosa.
1018 2151 1073 2201 In
1099 2148 1291 2201 famosa.
1314 2149 1543 2217 spelunca
1564 2153 1690 2203 Bau·

64 2228 348 2277 manniana.
395 2225 452 2275 In
473 2223 643 2278 Misnia
657 2227 708 2277 ὅ(
722 2225 961 2284 Saxonia,
976 2240 1035 2275 ex
1049 2221 1290 2277 relatione
1310 2223 1479 2275 Albini
1501 2226 1551 2275 in
1566 2227 1690 2275 Ger·

66 2301 269 2349 manico
282 2296 545 2349 Chronico
559 2297 813 2350 Metallico
828 2334 840 2357 ‚
854 2299 905 2351 ὅ(
931 2315 1092 2365 nuper
1107 2299 1156 2348 in
1175 2295 1591 2349 Memorabilibus
1604 2299 1690 2348 Sa-

63 2374 226 2424 xoniae
253 2370 580 2424 subterraneae
606 2375 669 2424 G.
689 2374 817 2423 EM.
894 2373 973 2422 De
994 2369 1501 2423 Hildesheimenfibns
1529 2369 1687 2423 Lach-

62 2444 321 2512 mundus;
360 2447 438 2496 De
458 2443 900 2505 Querfurtenfibus
917 2447 1196 2496 Buttnetus.
1257 2446 1310 2494 In
1340 2447 1609 2496 Franconia
1627 2461 1688 2496 ex

61 2519 192 2570 relat.
222 2518 389 2570 Caroli
414 2519 633 2571 Bauschii
658 2522 705 2569 in
730 2522 761 2572 S
779 2516 1094 2571 :hediasmate
1117 2517 1315 2570 curioso
1344 2517 1407 2569 de
1423 2521 1686 2569 Vnicornu
1787 2582 1792 2589 ι

64 2591 279 2643 fossililn
299 2591 496 2644 Norico
508 2610 567 2643 ex
582 2591 984 2663 Orye‘iographia
1001 2592 1603 2656 Nov.Jo.Jacobissaie1-i.
1632 2591 1686 2641 ln
1778 2596 1794 2771 ἑ

68 2666 446 2736 Wirtembergia
463 2665 666 2719 testibus
690 2669 741 2717 iis
755 2705 769 2729 ,
785 2684 897 2738 quae
920 2665 989 2717 ibi
1015 2664 1344 2729 asservantur,
1362 2668 1412 2717 ὅ(
1425 2661 1684 2787 paffimga·

1646 2753 1684 2789 is
