1804 3079
819 149 925 197 312

131 244 256 301 tium
295 260 399 297 tam
437 238 647 295 suorum
682 258 814 312 quos
836 241 1057 295 ducebat
1081 277 1096 299 ,
1121 258 1281 312 quam
1319 241 1688 314 insequentium

126 321 351 374 hostium
373 316 508 386 lapsu
531 315 711 368 cadens
727 317 771 367 T
777 333 907 369 urcae
923 316 1228 385 sclopetum‚
1256 315 1407 386 quod
1436 321 1583 387 capiti
1600 316 1689 368 acl-

127 409 386 449 moverat,
413 389 617 459 perusto
654 407 854 444 tantum
895 390 1078 459 capillo
1121 406 1356 441 removet
1387 426 1403 450 ,
1441 394 1692 449 accurrit,

127 469 239 532 suQs
287 464 550 517 liberaliter
608 464 844 517 hortatur
870 501 885 524 ,
925 463 1210 518 vacillantes
1249 461 1370 515 sistit
1394 474 1422 521 ,·
1445 464 1689 536 ingress'os

128 530 371 594 Bcffnaros
397 538 478 591 vel
503 540 630 607 ejicit
646 576 658 598 ,
674 537 753 589 vel
773 538 855 591 sua
869 556 1024 591 manu
1042 536 1321 608 prosternit.
1338 554 1445 588 rem
1462 538 1692 598 restituit,
1753 582 1757 587 ,

108 615 326 679 ›adjutus
376 615 600 664 maxima
638 631 698 665 ex
739 627 880 682 parte
912 612 1058 666 servis
1088 614 1141 664 δε
1173 610 1414 663 militibus
1459 617 1694 683 gregariis
1765 633 1768 635 “

127 690 227 743 LX.
268 685 528 744 Tandem,
565 703 686 738 cum
723 703 818 738 nec
850 685 987 739 ferro
1021 703 1114 737 nec
1152 684 1256 736 telis
1293 685 1483 754 posset,
1508 687 1693 738 admo-

131 780 188 815 to
212 764 327 832 igne
353 778 561 830 urgetur
589 796 604 821 ,
637 762 880 813 nimirum
904 797 917 818 ,
959 761 1299 812 Tartar-orum
1349 759 1532 830 sagittis
1571 760 1692 813 stra-

131 838 269 887 mine
303 832 509 888 ardente
557 838 812 894 oneratis,
851 832 1038 905 quibus
1098 832 1292 885 testum
1351 830 1575 904 ligneum
1615 838 1691 886 in-

131 907 457 961 cendebatur.
577 906 738 972 Qod
829 907 1115 961 exstincturi
1189 906 1474 958 infortunio
1547 907 1696 960 flam·
1772 960 1773 963 ,

132 1000 241 1035 mas
269 985 372 1054 igni
409 978 712 1036 addiderunt
735 1019 749 1041 ‚
775 980 1088 1035 festinatione
1106 1018 1120 1039 ,
1140 998 1236 1050 pro
1269 982 1374 1032 vini
1397 979 1540 1032 dolio
1557 1018 1572 1041 ‚
1595 982 1694 1034 ob·
1755 1006 1773 1030 ·.

131 1060 329 1125 jicientc
352 1058 528 1109 vinum
551 1055 801 1109 adustum.
878 1055 1064 1126 Neque
1096 1052 1386 1107 incendium
1413 1057 1562 1125 Regis
1587 1070 1694 1108 tur·
1764 1051 1769 1111 ,ἶ

134 1131 272 1183 bavit
303 1134 550 1183 animum.
629 1131 765 1184 Nam
800 1147 828 1182 e
852 1133 1022 1201 primo
1066 1128 1389 1180 conclavium
1413 1165 1426 1188 ‚
1463 1146 1694 1200 quorum
1750 1159 1765 1183 2.

133 1205 324 1271 septem
349 1238 363 1261 ,
401 1201 607 1274 glandes
643 1242 656 1264 ,
698 1204 880 1275 sagittae
918 1239 933 1262 .
971 1221 1147 1260 arma,
1184 1201 1429 1255 cadavera
1454 1240 1468 1261 ‚
1510 1207 1529 1269 (
1567 1207 1697 1256 inter
1760 1200 1762 1203 ’

137 1297 252 1349 quae
277 1280 552 1329 minimum
578 1277 638 1332 X.
662 1279 726 1330 ab
750 1280 856 1348 ipso
874 1281 1012 1348 Rege
1040 1275 1285 1347 prostrata
1299 1293 1696 1330 numerantem.

136 1355 275 1421 nes)
315 1350 573 1420 replebant
606 1389 623 1414 ‚
674 1350 737 1404 ad
778 1352 1012 1404 ultimam
1066 1349 1222 1420 usque
1270 1349 1457 1403 aedium
1498 1369 1697 1421 partem

139 1426 310 1496 septies
334 1424 544 1479 flamma
571 1425 945 1495 receptaculum
973 1439 1273 1477 mutaverat.
1372 1424 1427 1476 ln
1449 1442 1557 1494 quo
1587 1425 1701 1478 ulti-

68 1537 75 1545 .
142 1518 234 1551 mo
256 1498 482 1568 conclavi
509 1499 827 1567 postremum
853 1499 1094 1552 auxilium
1124 1498 1456 1566 praestiterunt
1480 1499 1700 1550 Schom-

43 1588 87 1612 ·⁴“·
108 1566 323 1626 1215&
361 1572 562 1623 Axelius
602 1575 782 1631 Roos‚
822 1576 1051 1642 corporis
1098 1571 1332 1624 custodes
1358 1608 1370 1629 ,
1411 1572 1700 1624 occubituri

143 1664 263 1698 cum
281 1650 450 1716 Rege,
470 1644 503 1696 si
545 1649 592 1696 in
616 1647 955 1698 Tartarorum
975 1662 1152 1697 manus
1168 1643 1494 1696 incidendum
1517 1645 1699 1707 fuiss'et,
1777 1696 1779 1698 ,

143 1724 213 1773 At
239 1721 400 1775 obviis
439 1716 526 1770 sibi
552 1718 687 1771 factis
719 1724 894 1772 Turcis
921 1723 1026 1770 Rex
1078 1717 1151 1769 bis
1204 1717 1373 1770 leviter
1413 1718 1701 1774 vulneratus

146 1794 349 1846 tandem
370 1792 590 1845 flammis
618 1792 762 1846 cedit.
838 1792 1062 1863 Egressus
1101 1791 1327 1843 striclum
1361 1792 1587 1862 gladium
1611 1811 1702 1862 ge-

143 1885 254 1919 rens
276 1871 460 1919 iterum
479 1867 636 1925 cadit,
652 1868 807 1939 glacie
830 1867 1094 1936 vestigium
1118 1864 1335 1918 fallente.
1462 1871 1700 1937 Superin-
1778 1934 1781 1939 .

146 1941 320 1994 eidunt
336 1943 546 1998 Turcae,
576 1944 627 1993 ὅ(
653 1940 906 2012 impedita?
936 1942 1103 1991 manui
1123 1939 1422 1992 subtrahunt
1441 1941 1701 2012 gladium,
1767 1970 1770 1971 ν

145 2015 283 2085 quasi
301 2033 421 2067 tunc
439 2014 651 2067 demum
680 2019 787 2067 tuti.
869 2017 1099 2085 Slirgenti
1124 2011 1289 2065 statim
1304 2012 1707 2075 declarant,nul-
1776 2031 1782 2069 ‚⁶

145 2089 243 2141 lam
269 2088 314 2140 se
338 2088 558 2140 nocendi
585 2090 901 2141 voluntatem
938 2088 1139 2139 habere.
1253 2092 1425 2157 Atque
1438 2105 1526 2141 aut
1545 2092 1705 2144 virtu·
1765 2149 1767 2153 ⁸

146 2166 205 2214 tis
221 2162 653 2218 admirationeaut
682 2164 979 2215 conscientia
1004 2161 1239 2214 facinoris
1268 2161 1406 2231 apud
1434 2164 1704 2219 sultanum
1780 2213 1783 2230 ,

145 2235 422 2307 purgandi,
447 2255 659 2288 omnem
692 2240 742 2287 in
774 2238 1009 2288 Tartaros
1036 2234 1239 2304 culpam
1273 2235 1544 2308 relegantes
1578 2254 1703 2291 cum

143 2327 285 2380 equo
308 2310 571 2377 phalerato
602 2308 772 2363 officia
804 2309 1003 2380 pristina
1050 2307 1297 2363 deferunt.
1397 2311 1704 2366 Conscendit
1762 2367 1769 2379 ,

145 2399 410 2453 acceptum
448 2402 644 2454 equum
685 2386 817 2442 Rex,
841 2382 1049 2437 duobus
1088 2399 1290 2437 tantum
1317 2383 1525 2438 suorum
1554 2385 1701 2456 stipa-

146 2474 229 2509 rus
253 2494 266 2515 ,
307 2461 358 2510 ὅ(
397 2461 514 2528 quia
552 2458 779 2510 hostibus
818 2473 1051 2527 ereptus,
1096 2458 1259 2509 vistor
1310 2461 1498 2530 magis,
1539 2477 1702 2531 quam

146 2532 332 2588 νίξὶυε,
372 2531 434 2582 ab
472 2531 577 2598 ipso
610 2532 846 2583 Praefecto
873 2535 922 2582 in
947 2531 1117 2584 medin¹
1145 2533 1221 2583 via
1247 2534 1525 2600 excipitur,
1565 2532 1703 2585 debi.

147 2621 298 2673 taque
321 2603 561 2669 MJjestati
587 2610 855 2660 reverentia
879 2609 928 2655 in
958 2612 1059 2671 ejus
1083 2605 1303 2657 domum
1333 2607 1551 2666 ducitur.
1631 2609 1704 2658 U·
1730 2604 1734 2609 ’

144 2677 195 2730 bi
236 2679 571 2734 Grothufium
592 2717 603 2737 ,
623 2682 825 2735 Eiicum
864 2681 1092 2751 Ribbing
1117 2683 1168 2733 ὅ(
1210 2678 1664 2734 Cederstroemium
1685 2716 1700 2737 ‚

1613 2756 1704 2825 qui
