1804 3079
847 156 999 241 ‘339'
1069 239 1074 241 .

54 280 230 337 rendi.
306 278 564 333 Interdum
583 278 805 352 angustia
831 278 1017 340 aditus,
1038 296 1094 333 ut
1119 281 1356 352 spelunea²
1376 287 1705 340 Baumannia-

69 372 296 412 naenunc
315 354 536 409 demum
563 355 842 424 ampliatae,
873 352 1092 407 excludit
1121 358 1343 409 monstra
1361 396 1371 413 ,
1392 377 1618 428 quorum
1646 378 1706 411 o.

69 429 250 483 stendit
270 429 537 499 reliquium
579 428 656 481 vel
680 444 896 497 praeceps
915 426 1154 487 altitudo,
1186 448 1242 482 ut
1275 435 1322 481 in
1348 432 1512 484 nostra
1538 433 1704 504 Rei-51-

69 502 293 556 steinensi
318 518 526 553 caverna
546 537 561 560 ‚
595 501 673 552 vel
699 500 1018 571 profunditas
1047 517 1187 569 terrae
1216 503 1454 555 ordinaris
1480 505 1702 558 sectioni-

71 577 167 630 bus
198 592 364 630 aevum
394 577 739 628 &immotam
768 576 992 644 quietem
1019 572 1504 637 demonstrantibus,
1536 585 1708 631 immo

70 653 322 703 Saxorum
336 649 543 706 viscera,
564 665 676 700 non
693 646 768 700 alii
787 650 955 704 motui
971 648 1145 707 Iocum
1159 649 1416 722 relinquit,
1438 669 1593 724 quam
1613 656 1705 705 Di-

72 723 278 777 luviano
295 758 304 779 ‚
321 722 517 774 summa
539 723 650 773 imis
676 720 910 774 miscenti.
1311 724 1313 726 ’

203 794 466 847 Diluvium
504 811 702 853 autem,
737 793 772 850 fi
805 810 984 865 praeter
1019 796 1226 850 Divinas
1253 832 1266 855 ‚
1302 795 1487 867 quibus
1510 799 1682 850 nititur
1703 834 1723 859 ,

0 910 2 916 .
75 868 428 940 probationeS,
456 867 555 919 aliis
577 885 772 939 egeret.
800 869 871 920 his
898 869 1009 921 sane
1034 873 1269 922 certiores
1288 870 1456 922 forent
1480 889 1709 940 quaeren·

77 942 168 994 dae.
253 942 480 994 Tantum
509 941 671 1001 abest,
708 959 766 994 ut
787 941 850 993 de
876 941 1232 1015 impugnando
1257 942 1431 995 divino
1465 944 1715 996 Miz-aeolo

79 1014 586 1072 animuminducam,
613 1031 669 1068 ut
692 1015 757 1066 illi
780 1031 986 1067 caveam
1018 1014 1185 1087 potius
1206 1052 1220 1075 ,
1243 1034 1304 1069 ne
1339 1019 1460 1069 tanti
1483 1016 1599 1069 fasti
1626 1036 1711 1070 ve·

79 1093 301 1145 ritatem,
333 1106 488 1157 quam
507 1087 710 1144 sustinet
735 1089 856 1141 nulli
873 1088 1055 1142 cedens
1082 1088 1520 1146 demonstratione
1534 1092 1714 1144 aufto-

81 1167 195 1215 ritas
215 1198 226 1218 ‚
255 1162 556 1226 conjeciurae
585 1162 720 1213 facio
742 1199 755 1220 ‚
779 1160 924 1232 quod
942 1163 1160 1233 probare
1183 1180 1454 1222 conantur,
1478 1167 1711 1218 incertio-

83 1254 156 1288 res
169 1235 484 1290 labefactent.
527 1237 760 1288 Poteram
786 1255 868 1288 me
886 1239 1012 1291 intra
1034 1240 1273 1290 examini:
1299 1236 1327 1291 εὶ
1344 1255 1427 1288 me
1445 1238 1721 1307 propofitae

85 1310 375 1362 osteocollae
413 1308 808 1361 Retelsteinenfis
846 1312 1088 1362 terminos
1118 1313 1392 1371 continere,
1416 1314 1468 1368 δε
1493 1313 1718 1383 conchy-

87 1384 292 1441 liorum,
306 1383 520 1452 piscium
535 1418 549 1441 ‚
563 1381 846 1454 ceterasque
871 1383 1087 1442 formas,
1113 1400 1271 1454 quam
1297 1384 1404 1437 haec
1420 1388 1625 1456 ignorat
1639 1404 1720 1439 cau

68 1464 266 1515 'verna,
282 1473 443 1508 tacere
467 1475 483 1519 3
522 1454 626 1508 Nifi
651 1455 898 1527 perpensis
922 1460 1003 1515 iis,
1025 1474 1139 1527 quae
1153 1456 1347 1510 diluvio
1371 1461 1528 1528 magis
1543 1457 1719 1512 viden-

91 1548 173 1583 tur
196 1529 333 1603 poffe
346 1529 756 1589 accommodari,
772 1529 954 1581 deinde
967 1533 1134 1582 minor
1158 1547 1401 1583 verorum
1429 1531 1614 1586 offium
1638 1533 1758 1592 su-s,

91 1604 242 1673 spicio
253 1602 476 1654 nostram
497 1619 721 1658 maneret
735 1602 1086 1659 osteocollam‚
1102 1608 1242 1669 cujus
1263 1607 1313 1654 in
1337 1621 1510 1676 marga
1530 1624 1720 1678 coagu-

92 1678 212 1729 latio
227 1677 384 1730 oculis
400 1676 445 1727 se
460 1675 647 1744 objicit,
662 1676 848 1729 etiamsi
872 1676 1106 1748 quaedam
1133 1677 1223 1728 alia
1250 1676 1415 1730 liceret
1433 1680 1619 1732 Diluvii
1647 1701 1723 1735 re-

93 1750 254 1820 liquiis
280 1748 628 1802 adnumerare.
702 1752 943 1802 Ceterum
975 1767 1435 1820 quantumcunque
1460 1758 1721 1809 montium

96 1822 406 1876 eversionem
432 1828 538 1889 ejus
568 1821 888 1874 inundationi
915 1823 1257 1877 concedamus
1274 1858 1288 1880 ‚
1314 1827 1398 1875 vix
1430 1830 1619 1895 poterit
1641 1829 1723 1884 illa

97 1895 295 1950 extendi
321 1894 383 1947 ad
420 1895 528 1947 sax-a
551 1930 566 1953 ,
621 1898 672 1947 in
696 1914 924 1966 quorum
950 1895 1125 1948 medio
1153 1914 1328 1950 natura
1352 1896 1619 1952 formatrix
1643 1920 1725 1964 του,

81 1974 190 2023 ἰἱεε
217 1968 610 2041 deprehenditur
633 1988 649 2032 ς
669 1986 756 2022 aut
780 1969 842 2022 ad
872 1968 1277 2041 profundiffimas
1298 1969 1492 2025 fodinas
1507 1975 1724 2033 Mexica-

98 2061 184 2097 nas
219 2044 344 2096 ebur
367 2041 525 2094 fossile
551 2043 845 2112 praebentes·
954 2038 966 2049 ‘

248 2115 449 2179 Quodfi
468 2114 788 2171 nihilominus
805 2115 1168 2169 recurrendum
1193 2115 1262 2168 est
1278 2116 1341 2170 ad
1367 2136 1557 2174 novam
1584 2135 1729 2179 terrae

101 2188 280 2242 faciem
304 2227 318 2248 ,
350 2207 506 2260 atque
531 2190 592 2241 ad
625 2193 994 2249 mutationem,
1027 2184 1165 2242 haud
1197 2190 1406 2259 quidem
1428 2194 1729 2266 illam‚quae

104 2266 274 2335 potuit
304 2262 720 2316 inundationibus
748 2263 908 2315 secare
942 2263 1094 2322 freta,
1134 2266 1183 2314 &
1206 2263 1376 2318 insulas
1397 2270 1626 2338 cingere,
1648 2269 1727 2322 vel

16 2388 24 2401 ,4
104 2340 255 2388 etiam
280 2337 427 2388 colles
445 2335 698 2389 fabulosos
724 2353 997 2408 congerere
1021 2356 1035 2397 3
1076 2334 1269 2393 Verum
1289 2337 1352 2390 ad
1377 2342 1626 2412 integram
1651 2342 1730 2395 os-

23 2406 26 2430 ?
107 2409 234 2462 fium
251 2427 416 2468 terrae,
447 2412 708 2462 montium
732 2413 968 2482 inquam,
986 2413 1039 2463 &
1062 2412 1267 2480 rupium
1293 2411 1593 2469 destructam
1610 2433 1729 2470 mu-

110 2498 371 2553 tatamque
386 2481 515 2533 adeo
537 2499 870 2554 compagem,
902 2499 959 2537 ut
973 2500 1094 2537 cum
1123 2487 1366 2539 Burnetto
1389 2505 1496 2541 non
1518 2493 1728 2542 creatio-

109 2554 281 2614 ni,sed
307 2556 516 2608 Diluvio
537 2556 800 2609 tribuenda
826 2557 883 2612 fit
910 2574 1048 2611 terrae
1061 2557 1270 2627 gibbosa
1294 2558 1493 2615 forma,
1551 2566 1732 2634 thue

110 2628 304 2682 diluvio
323 2628 536 2681 demum
557 2646 666 2681 non
691 2633 890 2683 minerae
906 2631 1011 2685 suas
1035 2629 1202 2686 modo
1218 2648 1394 2693 venas,
1420 2633 1557 2705 quast
1581 2652 1730 2689 antea

112 2719 220 2761 non
241 2701 530 2763 existentes»,
558 2701 639 2755 sed
657 2706 808 2758 etiam
827 2692 916 2776 per
930 2702 1117 2758 canales
1132 2703 1480 2762 subterraneos
1500 2710 1733 2770 remean-

1022 2776 1064 2828 Y
1099 2791 1134 2832 2
1662 2796 1739 2841 tes
