1804 3079
822 142 923 199 335

61 253 206 327 quod
236 255 315 308 vel
345 254 393 305 in
426 251 617 307 florum
646 252 840 307 sestaria
875 252 1070 323 semper
1104 255 1155 307 &
1183 249 1372 322 ubique
1405 250 1677 324 aequalibus

59 327 224 381 minus
240 331 428 379 mirum
444 327 697 381 videatur?
734 329 838 379 Aut
856 324 975 396 quid
1001 327 1198 378 interest
1218 325 1278 388 ad
1297 326 1512 395 gloriam
1536 327 1680 380 Con-

58 400 246 456 ditoris,
262 403 312 452 in
331 417 435 471 quo
462 403 617 472 magis
634 402 847 452 emineat
867 403 969 465 ejus
983 401 1227 468 potentia,
1244 414 1415 450 utrum
1429 401 1478 449 in
1493 399 1682 473 Regno

59 471 298 537 Miner-ali,
313 490 377 524 an
393 475 617 529 Animaii,
635 490 695 522 an
711 470 1015 543 vegetabili?
1590 477 1671 505 Ὅ·

178 545 397 597 Maxillas
431 549 611 597 inveni
641 546 874 596 dentibus
913 543 1221 614 quibusdam
1255 558 1512 608 armatas;
1561 544 1684 600 alias-

57 617 194 672 haud
222 619 444 670 dentatas
456 637 470 680 ;
507 617 584 669 sed
600 655 612 676 ,
627 617 769 687 quod
788 620 977 670 mirum
991 655 1003 675 ,
1028 615 1160 684 justis
1174 615 1403 671 dentium
1419 620 1547 670 cavis
1566 634 1680 688 per-

57 692 253 744 foratas.
331 691 383 742 In
410 688 521 762 ipfia
545 689 775 743 dentibus
788 689 906 743 hinc
925 691 1040 742 inde
1062 690 1304 762 dispersis,
1320 707 1412 744 nec
1425 688 1680 744 effodien-

57 763 131 817 dis
154 763 302 816 nissin
321 779 446 815 terra
471 767 713 822 immota,
736 769 901 832 major
923 763 992 816 est
1014 763 1277 817 diversitas.
1352 765 1554 817 Dantur
1577 766 1682 837 pri-

59 854 228 890 mores
245 873 260 896 ,
283 855 392 890 non
417 838 535 890 resti
563 838 642 890 seu
667 838 919 895 incisores,
943 837 1022 889 sed
1047 843 1218 899 curvi,
1249 837 1419 909 quales
1442 840 1598 907 aprini
1623 839 1680 894 δι

58 910 244 981 lupini,
265 911 335 963 his
351 916 560 976 majores
577 911 690 970 ‚iliis
707 914 955 974 minoren
991 909 1173 965 dantur
1199 910 1579 974 molaren,eum
1599 927 1680 965 ra-

11 1042 16 1057 }
58 982 254 1036 dicibus
282 987 331 1037 ὅ(
361 980 458 1035 fine
485 984 732 1038 radicibus
755 1021 768 1043 ,
790 984 959 1055 quales
983 982 1265 1054 serpentum
1295 1001 1512 1038 coronas
1532 982 1678 1057 fingit

60 1058 263 1111 traditio
276 1056 489 1128 vulgaris
501 1077 518 1121 3
532 1059 609 1110 alii
624 1061 856 1117 concavi,
868 1057 944 1109 alii
958 1056 1211 1112 craffiores
1223 1096 1237 1119 ,
1247 1058 1323 1112 alii
1341 1057 1480 1112 solidi
1495 1093 1507 1115 ‚
1519 1056 1678 1110 adeo-

11 1173 13 1208 3
59 1148 163 1202 que
178 1129 377 1182 externi
390 1149 544 1202 quam
563 1129 753 1184 interna
764 1131 1067 1185 formatione
1081 1131 1168 1184 fibi
1182 1131 1457 1186 fimiliores.

176 1203 407 1272 Inprimis
432 1204 716 1258 notandum
740 1205 835 1264 est,
860 1222 943 1258 mc
959 1206 1242 1259 vertebram
1268 1206 1413 1280 spinae
1431 1203 1677 1266 effodisse,

11 1289 13 1291 ’
61 1278 141 1329 eui
168 1276 286 1328 dens
310 1277 523 1334 inhaesit.
540 1282 629 1349 qui
656 1278 863 1349 quidem
885 1278 1093 1340 excidit,
1110 1296 1162 1333 at
1185 1280 1382 1353 vestigia
1404 1277 1681 1332 coalescen-

62 1353 125 1402 tia
154 1352 487 1403 minimorum
514 1353 741 1405 dentium
767 1351 1037 1407 molarium
1061 1352 1217 1406 oculis
1232 1355 1474 1425 praebens,
1492 1369 1677 1422 quem-

62 1423 348 1475 admodum
388 1427 436 1474 in
462 1427 771 1480 concharum
809 1427 1161 1499 conglutinatis
1193 1430 1377 1481 acervis
1405 1425 1679 1497 (quorum

61 1495 163 1547 aliae
191 1513 412 1549 cavernae
432 1533 447 1557 ,
479 1517 572 1569 pro
596 1498 832 1552 fermenti
854 1503 1038 1553 virtute
1059 1500 1170 1558 alia,
1196 1500 1308 1554 sunt
1331 1501 1555 1575 feracfff)
1571 1500 1678 1572 ⁰rni-

61 1574 213 1620 nimae
238 1566 418 1623 formae
433 1571 667 1644 quaedam
689 1573 935 1627 nascentes
949 1573 1156 1626 concha:
1177 1576 1303 1628 inter
1318 1577 1532 1643 majores
1553 1573 1700 1626 con-¹·
1736 1570 1747 1579 ‘

58 1641 340 1713 spiciuntur.

188 1718 266 1767 De
289 1717 528 1771 omnibus
545 1736 689 1789 aequc
702 1717 1100 1772 observandum:
1138 1718 1282 1791 quod
1306 1723 1354 1773 in
1384 1736 1509 1775 terta
1535 1734 1676 1774 mota

62 1789 114 1840 ὅ(
136 1788 486 1859 pervestigata,
507 1809 612 1843 non
637 1791 1076 1863 d'eprehgndantur
1090 1829 1103 1850 ,
1121 1792 1206 1845 nifi
1219 1794 1395 1846 omissa
1411 1793 1676 1862 ‚negleciffl

62 1859 272 1930 perdita.
350 1865 420 1914 Ut
441 1863 737 1935 detegantur
760 1859 1044 1936 (iugularat,
1086 1866 1417 1936 quaercndum
1445 1865 1514 1920 est
1534 1885 1581 1917 in
1601 1884 1678 1918 te-

11 1999 14 2004 .
62 1933 191 1988 ccffu
217 1934 379 1989 solum
400 1937 752 2007 compedium,
779 1956 883 1990 non
908 1939 1219 2011 argillaceum
1244 1976 1256 1995 ,
1297 1940 1374 1991 sed
1391 1939 1675 1999 arenosum,

64 2006 209 2077 quod
235 2011 347 2060 nitri
374 2012 426 2062 ὅ(
447 2029 631 2081 margat
653 2012 833 2068 stratis,
885 2016 1066 2083 quibus
1105 2015 1416 2066 intersecatur
1434 2054 1453 2081 ,
1487 2014 1675 2083 probet

11 2102 13 2104 ·
65 2082 314 2134 arcbaeum
348 2100 453 2134 non
476 2085 766 2138 turbatum.
795 2089 845 2137 ὃ(
875 2104 1215 2156 proventum.
1246 2089 1333 2158 qui
1355 2089 1512 2140 sulcos
1538 2104 1676 2157 quae-

63 2159 280 2206 rcntium
302 2155 461 2226 fugiit,
519 2161 699 2230 Margae
725 2163 895 2230 ingens
920 2164 1065 2228 copia
1089 2160 1157 2211 est
1180 2159 1404 2216 friabilis.
1426 2178 1539 2231 quae
1559 2196 1571 2217 ,
1587 2160 1675 2211 ubi

11 2277 14 2286 Α
65 2226 251 2279 ossibus
292 2229 478 2287 haeret,
514 2232 661 2284 instar
697 2233 838 2284 calcis
878 2233 1166 2287 concrescit.
1240 2235 1444 2287 Nicrum
1483 2233 1676 2304 ubique

65 2301 222 2353 oeulis
252 2301 516 2361 subiicitur.
598 2308 628 2356 F
636 2305 831 2358 undum
855 2307 1110 2376 Speluncae
1139 2309 1446 2376 pavimentat
1473 2324 1596 2359 terra
1623 2308 1676 2358 ii.

66 2391 158 2424 mo
183 2374 457 2444 sabuloquc
478 2377 632 2431 mista.
711 2379 872 2448 Aqua:
899 2381 1145 2432 mineraiis
1175 2379 1449 2434 indurantis
1487 2380 1677 2450 ubique

66 2445 265 2517 vestigia
301 2452 349 2498 in
376 2449 649 2514 perrefaffls
666 2492 682 2516 ,
701 2454 954 2504 Stiriarum
976 2451 1144 2510 instar,
1170 2458 1323 2524 guttis
1344 2490 1358 2515 ‚
1386 2472 1497 2526 qua:
1523 2452 1679 2504 Stala-

3 2565 7 2575 ,
66 2518 193 2572 &itis
214 2527 422 2571 nomine
449 2527 664 2575 veniunt.
742 2526 948 2577 Accedit
962 2525 1148 2595 pofitus
1165 2564 1176 2585 ,
1191 2545 1276 2596 per
1294 2528 1489 2587 Limen,
1509 2527 1676 2579 aititu-

66 2592 243 2644 dinc&
257 2593 572 2665 longitudine
590 2611 732 2666 aeque
755 2597 875 2649 ultra
900 2616 1001 2660 150.
1018 2599 1165 2669 pedes
1181 2616 1432 2670 apertum,
1442 2603 1675 2666 recipient

5 2695 15 2722 ,;
66 2668 232 2717 aerem
262 2668 422 2720 austri.
510 2666 645 2723 Sicut
670 2689 871 2724 antrum
905 2686 1124 2726 caverna:
1146 2673 1263 2726 huie
1288 2676 1448 2728 versus
1488 2673 1675 2744 septen-

3 2754 16 2872 ⁴.

2 2894 16 3079 's

1555 2753 1673 2800 trio-
