1804 3079
780 175 878 229 313

75 261 165 328 qui
197 276 222 312 a
262 259 452 310 secretis
491 255 706 327 epistolis
756 273 860 308 erat
882 291 897 316 ,
934 250 1173 308 libatatos
1226 255 1411 325 parite-:t
1449 255 1639 306 invehi-

76 350 161 384 eos
191 371 203 391 ,
243 333 416 384 cibum
443 335 495 384 &
521 349 633 401 quae
656 327 976 388 offeruntur,
998 332 1146 397 capit.
1239 327 1312 381 At
1335 330 1423 398 qui
1449 327 1638 397 postte.

76 424 172 459 mo
193 424 311 459 cum
330 412 470 477 Rege
495 405 880 461 dimicaverant,
908 401 1035 455 dum
1052 399 1225 472 singuli
1255 419 1345 471 per
1370 400 1642 472 angustum

76 479 274 531 aditum
311 496 520 537 exeunt,
549 478 681 545 capti
716 493 740 528 a
780 477 997 528 Tartaris
1021 512 1034 534 ‚
1070 493 1176 527 tam
1215 478 1456 545 exiguum
1489 479 1642 545 εἷμαι

76 569 354 606 numerum
405 542 747 604 metuentibus
781 587 794 608 ‚
846 551 974 620 Regi
1020 547 1344 619 denegantur.
1457 536 1644 614 Qum

78 626 305 678 viderent
342 630 391 677 in
430 626 527 677 bac
549 642 719 695 pugna
745 625 1087 676 Barbarorum
1124 639 1212 674 aut
1257 621 1643 675 vulneratorum

78 717 167 751 aut
192 698 476 750 occisorum
519 716 658 768 paene
684 698 744 750 C.
763 700 822 749 C.
839 699 899 750 C.
928 699 985 752 C.
1008 694 1273 749 desiderari
1302 731 1317 754 ‚
1357 696 1643 750 Succorum

80 775 165 823 vix
185 775 334 824 XXX.
426 775 608 824 Donec
629 774 767 822 tertia
789 770 870 822 die
908 790 936 823 a
969 771 1181 823 Sultano
1200 787 1290 840 per
1322 768 1517 842 legatos
1538 774 1643 838 jam

79 848 264 898 Vexirii
278 851 327 899 δέ.
343 849 389 899 T
393 862 680 897 artarorum
696 848 836 899 tricas
851 845 1039 898 edosto
1054 843 1347 896 advenirent
1369 840 1496 897 miffi
1510 860 1644 896 nun-

79 922 139 970 eii
168 938 381 972 omnem
407 922 509 970 vim
538 920 883 988 prohibentes,
978 922 1155 986 Itaque
1182 920 1514 971 Tartarotum
1541 920 1643 969 Re-

81 996 132 1063 gi
158 1011 336 1046 omnen
361 996 585 1063 captivos
601 992 861 1044 Praefectus
890 994 1037 1062 eripit
1055 993 1343 1045 &restituit
1459 990 1644 1043 lisdem

83 1071 275 1119 nunciis
291 1071 403 1123 Rex
430 1084 455 1117 a
482 1067 696 1119 Sultano
721 1066 1270 1137 Hadrianopolim,ubi
1301 1064 1547 1136 degebat,
1570 1067 1657 1116 in-'

85 1140 287 1193 vidatur
307 1178 319 1199 ‚
346 1140 524 1193 oblato
550 1176 563 1196 ‚
592 1158 844 1209 quantum
880 1143 988 1192 Rex
1024 1157 1303 1209 expeteret,
1329 1142 1513 1191 itineris
1550 1150 1647 1208 apd

84 1230 287 1285 paratu,
310 1219 360 1267 ὅ(
387 1232 522 1285 quot
550 1215 698 1267 vellet
724 1252 736 1272 ‚
775 1216 1028 1267 comitum
1058 1213 1272 1267 deieciu.
1396 1211 1607 1265 Carolus
1626 1247 1645 1271 ,

85 1305 144 1340 ut
178 1288 294 1341 ante
324 1284 388 1341 de
421 1287 678 1346 libertate,
702 1290 767 1341 ita
793 1305 900 1341 uon
932 1287 1100 1340 minus
1133 1306 1272 1342 nunc
1305 1284 1368 1338 de
1392 1286 1640 1358 dignitate

82 1360 301 1416 solicitus
324 1399 337 1422 ,
376 1379 437 1413 ne
462 1363 585 1434 quid
623 1365 672 1415 in
712 1380 824 1413 eam
854 1362 976 1416 aulae
1000 1364 1376 1415 Ottomannicae
1412 1361 1645 1413 moribus
1678 1392 1684 1395 -

85 1437 136 1487 in
173 1437 379 1489 visendo
411 1438 618 1489 Sultano
641 1439 1047 1488 committeretur
1078 1472 1091 1494 ,
1129 1436 1298 1489 statuit
1332 1432 1645 1487 Christiano-

85 1527 201 1560 rum
232 1514 435 1580 Regum
456 1510 761 1576 Maiestatem
786 1509 875 1560 suo
894 1509 1129 1578 exemplo
1155 1513 1506 1569 intemeratam
1546 1508 1643 1559 ser·

86 1599 219 1635 vare.
300 1583 514 1635 Proinde
538 1619 552 1638 .
590 1601 707 1635 cum
734 1601 840 1634 nou
868 1582 1030 1651 posset
1055 1583 1345 1635 offensione
1369 1619 1383 1640 ‚
1423 1558 1687 1632 ἰῑέἇῙΤἙ-ῨῩ

82 1656 412 1728 giversatione
439 1657 664 1709 declinat.
744 1657 895 1707 Diem
911 1675 972 1708 ex
999 1656 1080 1708 die
1093 1658 1245 1710 ducit.
1325 1658 1523 1725 Expetit
1545 1654 1642 1707 dif-

85 1731 245 1782 ficilia.
326 1731 584 1784 Ptaefestus
630 1733 818 1781 irritam
857 1748 1068 1799 operam
1105 1732 1157 1784 ὅ(
1190 1733 1239 1782 in
1261 1734 1366 1794 ejus
1395 1726 1645 1799 potestate

86 1822 192 1856 non
209 1803 422 1873 positam
453 1822 594 1856 tanto
623 1821 864 1873 apparatu
891 1802 1104 1856 ordinati
1131 1807 1314 1855 itineris
1335 1819 1539 1855 moram
1555 1801 1645 1856 de-

87 1877 366 1945 monstrat,
401 1893 553 1947 atque
576 1896 601 1930 a
637 1880 776 1948 Rege
795 1914 813 1938 ,
840 1895 898 1930 ut
939 1877 1336 1946 proficisceretur
1370 1913 1383 1934 ‚
1407 1877 1643 1945 precibus

87 1955 347 2022 impetrat.
424 1955 604 2015 Quum
633 1951 1057 2020 Hadrianopolim
1086 1968 1299 2004 ventum
1324 1948 1467 2010 ess'et,
1491 1968 1550 2003 ac
1577 1950 1644 2003 de

85 2025 352 2096 colloquio
381 2043 503 2090 cum
542 2025 753 2078 Sultano
774 2042 1007 2097 ageretur
1030 2061 1043 2082 ,
1081 2030 1193 2082 Rex
1217 2029 1266 2077 in
1296 2025 1439 2078 nullo
1478 2023 1644 2078 fortu-

88 2115 164 2152 nae
189 2099 405 2152 articulo
441 2097 727 2170 quidquam
766 2100 829 2151 de
854 2099 1054 2151 honore
1088 2098 1306 2152 cess'urus
1329 2136 1343 2158 ‚
1383 2096 1519 2151 aliud
1555 2096 1646 2150 ad-

88 2173 223 2226 versa
250 2173 512 2243 superandi
553 2191 708 2245 genus
737 2179 1018 2244 excogitat,
1047 2177 1148 2240 jam
1175 2191 1283 2225 non
1316 2172 1483 2225 hostes
1507 2208 1519 2232 ,
1559 2169 1642 2223 sed

87 2246 134 2298 se
159 2247 322 2315 ipsum
359 2264 626 2301 tormento
651 2246 878 2318 fingulari
902 2245 1264 2317 expugnando,
1379 2248 1642 2300 Nimirum

89 2337 275 2389 corpus
298 2321 479 2376 nullius
506 2337 595 2393 per
618 2339 831 2373 omnem
858 2339 1055 2373 aetatem
1081 2339 1241 2374 morae
1264 2321 1478 2391 patiens,
1509 2337 1647 2390 quo-

92 2393 391 2465 tidianisque
417 2396 709 2467 longissimis
739 2395 1117 2448 excursionibus
1155 2399 1461 2455 exercitum,
1480 2392 1648 2446 fimu-

90 2465 198 2519 lato
227 2468 447 2527 (nothe,
482 2469 746 2539 quodiam
779 2487 1002 2539 coeperat
1025 2472 1078 2522 in
1108 2473 1186 2521 via
1212 2468 1491 2522 obtendere
1515 2503 1528 2526 ,
1570 2465 1648 2520 ul-

94 2556 167 2592 tra
196 2545 256 2598 X.
286 2543 474 2593 menses
498 2544 630 2594 lec-‘Ito
665 2542 854 2612 absque
880 2543 1164 2595 remifflone
1186 2542 1447 2614 affigendo
1476 2562 1486 2593 ε
1525 2543 1645 2606 Qia

94 2618 304 2688 quidem
335 2616 568 2672 violentia
604 2619 747 2669 novis
786 2618 978 2686 semper
1016 2617 1465 2689 exspeitationibus
1499 2616 1646 2668 indu-

857 2694 903 2745 V
948 2707 980 2756 5
1537 2691 1645 2740 Cius

1689 1571 1778 1604 ,δ’

1784 1509 1804 1580 l
