1804 3079
835 132 937 194 343

69 244 369 316 imaginibus
396 242 410 296 Ξ
449 244 577 310 Qae
601 248 650 298 in
675 243 920 320 lapidibus
945 243 1081 298 haud
1109 246 1290 316 liquet,
1312 261 1402 300 cur
1424 244 1582 315 magis
1601 237 1687 294 de-

68 321 182 375 beat
198 317 442 371 mirabiles
462 318 632 376 videri,
651 326 806 383 qu'am
823 322 871 370 in
886 318 1098 371 floribus
1122 321 1295 387 Satyrii
1314 316 1684 387 Antropopho·

66 398 132 448 ri.
159 397 209 443 in
240 391 512 451 radicibus,
539 410 598 445 ut
631 391 1005 464 Mandragoris‚
1033 395 1084 443 in
1105 393 1272 463 lignis,
1298 409 1356 445 ut
1380 396 1686 460 Lapponum

65 465 365 536 idoli3,quae
392 483 547 518 manu
573 464 680 518 fieri
692 464 827 536 apud
852 483 941 518 eos
961 465 1097 518 nefas
1111 467 1194 524 est,
1214 469 1311 518 δῖε.
1336 465 1350 516 ?
1388 467 1444 516 In
1457 465 1527 516 bis
1545 465 1685 532 eqft'»

62 538 182 591 dem
204 543 376 610 ingens
400 537 679 591 differentia
709 537 1020 610 agnoscenda
1041 575 1055 598 ,
1082 542 1213 592 inter
1232 558 1309 594 ea.
1337 556 1451 609 quae
1482 555 1596 590 raro
1631 540 1685 589 &

62 611 276 684 quidem
303 610 518 663 difflmili
543 612 709 665 forma
724 630 993 682 apparent,
1018 630 1075 666 ut
1097 618 1260 664 cancri
1280 611 1529 665 fluviatilis
1546 628 1685 682 quae-

62 689 182 737 dam
207 688 256 736 in
281 684 405 737 fiffili
435 700 634 739 tantum
657 685 820 757 lapide
835 686 1136 756 deprehensa
1163 687 1363 758 vestigia
1382 724 1394 744 ,
1421 690 1472 738 ὅ(
1499 704 1552 736 ea
1569 701 1682 754 quae

61 760 379 815 determinati
430 762 621 830 generis
662 777 800 830 pares
849 760 1043 830 semper
1084 761 1262 831 species
1295 760 1532 813 exhibent
1559 796 1572 816 ,
1625 773 1717 810 ut*

59 832 336 892 Echinites,
365 849 423 885 ut
461 832 716 886 conchites
743 869 756 892 ,
795 849 853 886 ut
884 834 1152 889 orbiculati
1175 838 1338 886 cancri
1360 834 1458 886 five
1501 833 1681 901 Paguri

61 904 224 957 mass'ae
242 909 444 978 integrae
462 905 648 961 flliceae.
724 907 810 963 Illa
823 905 886 960 ad
911 925 1100 962 naturae
1128 906 1340 961 ludentis
1356 907 1489 960 casus
1508 907 1680 956 viden-

15 1044 17 1051 Α
60 997 143 1032 tur
175 979 429 1032 referenda
451 997 465 1042 ;
488 982 612 1032 Haec
636 979 702 1033 ad
726 998 882 1051 opera
904 1017 919 1040 ‚
955 982 1142 1053 quibu!
1168 982 1358 1053 ubique
1384 983 1521 1033 Deus
1554 997 1679 1047 prae-

57 1052 286 1106 stabilitas
320 1067 475 1106 certas
499 1053 691 1107 formas
722 1053 999 1127 adsignavit
1023 1074 1039 1119 3
1077 1074 1134 1109 ut
1155 1060 1257 1123 eius
1286 1059 1339 1110 in
1365 1058 1420 1107 iis
1447 1051 1677 1118 Majestas

59 1143 203 1180 tanto
239 1125 537 1198 splendidius
562 1127 777 1183 eluceret
807 1165 821 1188 ‚
852 1146 1052 1200 quanto
1074 1132 1124 1182 in
1150 1130 1415 1184 occultatis
1441 1125 1677 1197 quando-

56 1216 159 1270 que
202 1218 373 1254 rerum
401 1200 583 1254 finibus
606 1205 767 1274 magis
795 1202 1112 1256 absconditur
1146 1219 1167 1274 3
1210 1221 1328 1256 nam
1360 1202 1483 1273 quid
1506 1200 1678 1270 prohi-

56 1274 143 1326 bet
166 1272 350 1326 semina
371 1310 386 1333 ‚
423 1275 797 1329 nascendorum
819 1276 1148 1349 compendia,
1171 1295 1246 1334 cx.
1272 1295 1346 1349 gr.
1371 1280 1424 1328 in
1451 1274 1676 1342 conchy-

53 1347 608 1406 liorum‚coralliorum
648 1349 891 1402 sttustura
914 1387 929 1410 ,
968 1354 1276 1403 minerarum
1306 1349 1384 1402 sali
1408 1386 1420 1408 ‚
1448 1365 1592 1420 aeque
1618 1363 1677 1399 ut

55 1424 279 1477 marino,
307 1419 527 1474 adserere
562 1420 589 1477 ?
625 1422 887 1494 Siquidem
931 1423 1100 1477 salium
1137 1423 1388 1490 ejusmodi
1413 1440 1502 1491 per
1540 1437 1675 1471 mea-

31 1511 136 1548 tus
169 1496 510 1547 subterraneos
545 1499 950 1550 communicatio
1002 1515 1110 1549 non
1157 1498 1368 1551 demum
1399 1512 1675 1579 exstet-um

51 1571 289 1621 omnium
317 1567 651 1621 destructione
674 1572 727 1622 &
754 1573 1002 1622 mixtione
1021 1569 1252 1640 petenda.
1348 1570 1533 1640 Neque
1569 1566 1676 1636 spe·
1731 1579 1757 1600 f

52 1645 240 1694 cierum
266 1640 515 1694 diversitas
543 1643 759 1711 prolusu
786 1641 1019 1696 habenda
1040 1682 1054 1704 ‚
1088 1663 1164 1698 ex.
1193 1662 1268 1715 gr.
1297 1662 1460 1713 quum
1485 1640 1676 1714 glosso-

51 1733 308 1783 petrarum
339 1719 470 1767 varia
501 1716 804 1786 magnitudo
831 1753 843 1773 ,
883 1723 983 1784 jam
1007 1718 1070 1769 ad
1102 1722 1272 1771 avium
1300 1718 1377 1770 vel
1405 1718 1673 1769 Natricum

51 1788 242 1859 linguas
267 1823 279 1845 ,
317 1792 417 1852 jam
443 1788 506 1839 ad
538 1792 718 1841 Lamiae
742 1789 946 1852 dentes;
988 1809 1151 1861 quum
1181 1809 1372 1842 cornua
1396 1793 1673 1841 Ammonis

51 1860 115 1913 ad
139 1861 355 1912 nautilos
382 1897 396 1919 ,
433 1860 496 1912 ad
528 1868 698 1914 arietes
720 1901 732 1921 ,
773 1862 834 1914 ad
875 1867 1118 1934 serpentes
1148 1869 1391 1935 pertinere
1419 1879 1672 1932 putantur.

51 1933 213 2000 Quod
250 1933 283 1986 fi
320 1971 332 1993 ,
372 1951 427 1987 ut
458 1933 519 1986 ad
559 1954 671 1988 mea
715 1937 915 1990 redeam
943 1976 956 1998 ,
1000 1941 1050 1989 in
1088 1945 1278 2008 campis
1324 1939 1500 2006 aperti&
1545 1951 1675 1988 terra

50 2005 247 2062 tantum
279 2007 482 2060 mollior
523 2007 899 2082 depreffiorque
937 2012 1097 2064 eversa
1131 2012 1360 2063 credatur
1387 2048 1399 2068 ,
1440 2014 1490 2061 ὃς
1537 2025 1670 2059 nova

48 2081 264 2135 collium
299 2080 446 2135 strata
478 2080 716 2137 formaffe
743 2123 755 2143 ,
795 2087 1070 2155 quomodo
1101 2085 1164 2137 ad
1192 2084 1393 2137 easdem
1437 2084 1671 2134 {effiones

44 2159 95 2212 in
123 2158 274 2208 antris
300 2155 495 2209 excellis
528 2159 581 2210 ὅ(
602 2157 747 2223 saxeo
774 2178 927 2214 muro
958 2160 1127 2212 cinffls
1149 2156 1431 2212 sternendas
1461 2174 1671 2228 gravem

57 2231 256 2282 mineris
271 2231 455 2283 terram
469 2235 622 2302 aequis
639 2232 861 2303 partibus
876 2241 925 2286 in
942 2232 1116 2287 locum
1133 2249 1234 2286 tam
1251 2232 1511 2284 sublimem
1527 2247 1667 2280 excu-

43 2301 125 2355 lit?
149 2301 276 2361 &AE
297 2304 500 2364 extulit,
517 2322 606 2358 cur
621 2308 1141 2378 vacuazreliquitalias
1167 2310 1370 2357 minoris
1421 2321 1503 2354 aut
1539 2309 1668 2355 eius-

44 2375 165 2428 dem
179 2375 447 2430 altitudinis
473 2394 705 2431 cavernas
723 2418 734 2437 ,
755 2384 925 2453 quales
951 2381 1060 2434 sunt
1082 2382 1184 2433 aliae
1212 2379 1384 2430 steriles
1403 2416 1414 2437 ,
1433 2381 1484 2429 δε
1513 2379 1667 2441 nxz-ahs

44 2450 112 2501 est
137 2452 294 2502 vicina
317 2452 458 2508 huic,
481 2454 752 2524 patulaque
787 2473 848 2505 ex
879 2454 1024 2508 altera
1052 2452 1281 2523 oppofita
1311 2469 1447 2521 parte
1476 2451 1657 2517 speleu>

42 2522 332 2581 ca,filicibus
358 2528 740 2593 pavimentata·
785 2527 1018 2580 Tandem
1048 2526 1078 2578 ss
1117 2530 1332 2579 vortices
1367 2527 1610 2576 febrem-ar
1654 2524 1663 2572 Ξ

43 2614 147 2648 non
173 2613 451 2666 potuerunt
475 2613 671 2650 tantum
711 2620 959 2672 aquarum
991 2604 1217 2651 emittere
1259 2637 1273 2656 ,
1319 2614 1514 2674 quanto
1565 2621 1570 2637 ³
1597 2619 1600 2624 ·

44 2686 173 2739 opus
198 2669 260 2722 ad
288 2671 629 2723 mundandam
657 2674 964 2744 superficiem
993 2675 1291 2743 Sphaericam
1308 2670 1563 2725 altitudiizst
1597 2691 1604 2718 ς

896 2749 936 2796 Y
977 2766 1013 2812 4
1524 2765 1544 2794 e
1629 2772 1657 2780 w
