1804 3079
853 137 951 190 334

199 254 268 304 Ex
291 249 363 304 bis
383 246 484 303 ossa
509 248 707 300 minora
733 244 915 300 nostra:
940 260 1189 304 cavernoe.
1212 248 1421 319 propius
1442 247 1506 302 ad
1534 265 1710 306 verum

84 323 365 381 accedentia
379 323 566 375 facilius
590 318 748 372 oculis
768 323 1071 390 imponunt,
1085 337 1241 391 quam
1266 321 1342 374 illa
1354 354 1368 381 ,
1384 341 1497 394 quae
1513 326 1706 377 exorbi-

85 400 228 452 tantis
251 411 439 450 naturae
466 395 628 448 lusum
658 391 959 447 manifestius
975 392 1217 463 produnt.
1291 397 1522 466 Inprimis
1548 414 1708 469 qvum
1754 439 1762 445 .

82 469 248 526 foffilis
262 469 550 522 osteocollae
574 464 713 538 pond
721 483 774 520 us
787 484 892 520 non
908 466 1165 522 excedant,
1237 466 1318 520 Ne
1331 484 1501 522 tamen
1515 487 1611 541 pro
1626 487 1708 524 ve-

83 548 146 598 ris
171 541 667 599 offibushabeantur,
689 538 1461 595 obstatformationisdiverfitas.
1529 546 1710 595 Ferunt
1761 575 1766 589 .

82 617 448 686 Transylvaniae
478 627 682 667 montes
706 611 938 666 metallici
959 612 1063 666 offa
1088 612 1384 682 hujusmodi
1414 633 1517 668 tam
1548 617 1710 675 crassa,
1781 682 1783 686 .

83 690 228 744 densa
245 689 435 743 &dura
455 725 468 747 .
490 706 545 742 ut
568 686 722 740 secata
747 687 873 740 ebur
893 702 1113 758 aequent.
1191 689 1245 739 In
1270 688 1447 741 nostris
1475 689 1711 760 quando·
1778 700 1781 707 ¹

82 777 185 837 que
209 766 323 816 nitri
354 760 552 815 astuosa
586 764 655 814 vis
685 777 977 814 contextam
1006 760 1290 815 ramusculis
1311 760 1705 823 crassitudinem,

83 836 270 892 eodem
285 875 298 896 ,
320 855 428 907 quo
451 834 646 906 frigoris
668 833 1340 893 salcoalescit,concretionis
1350 852 1531 907 genere
1545 874 1557 894 .
1572 837 1709 906 supra
1759 835 1762 839 ’

83 910 306 964 modum
330 908 622 962 ordinatum
646 906 839 961 format
863 919 884 982 ς
932 906 1195 961 Interdum
1219 913 1352 961 intus
1375 913 1550 962 omnia
1575 911 1706 962 adeo

81 986 275 1056 replet,
307 1001 364 1036 ut
390 982 616 1035 desinant
653 981 917 1036 ramusculi
953 980 1134 1034 referre
1169 980 1399 1035 medullae
1421 981 1704 1041 filamenta,

82 1059 268 1130 quibus
290 1057 457 1110 forent
489 1056 688 1114 ssmiles,
716 1054 750 1108 fi
773 1055 925 1108 effent
952 1058 1118 1108 minus
1142 1054 1427 1125 frequentes
1461 1061 1511 1110 δε
1542 1061 1706 1108 minus

81 1132 310 1191 friabiles,
411 1129 622 1185 Accedit
644 1129 936 1183 extrinsecus
960 1129 1211 1184 adhaerens
1231 1128 1497 1182 formantis
1521 1133 1706 1199 Margo:

83 1204 219 1278 quali
246 1205 428 1257 matrix
446 1241 457 1262 ‚
473 1204 571 1257 five
595 1203 896 1274 proplasma.
972 1206 1110 1257 Sicut
1134 1202 1416 1256 Mascardus
1442 1207 1490 1257 in
1515 1207 1703 1256 Musaeo

81 1297 196 1350 pag.
230 1288 349 1347 187.
381 1277 566 1331 fatetur
598 1313 614 1336 .
655 1278 831 1330 servari
872 1294 900 1331 a
933 1277 978 1330 se
1013 1277 1293 1350 fungorum
1334 1278 1702 1348 petricosorum
1755 1277 1780 1346 'y

81 1356 309 1408 matrices
332 1350 679 1422 lapidescentes
701 1387 714 1409 ,
740 1366 795 1404 ut
821 1351 983 1422 tophi.
1776 1347 1781 1355 ⁸

198 1423 316 1478 Offa
340 1429 531 1492 majora
557 1443 620 1477 ex
644 1440 859 1496 utraque
889 1441 1030 1496 parte
1051 1424 1242 1496 integra
1275 1442 1390 1478 raro
1426 1421 1695 1494 deprehen·
1771 1427 1780 1493 ‘J

82 1495 272 1551 duntur
276 1519 299 1568 3
338 1500 388 1551 in
404 1497 684 1553 minoribus
699 1498 848 1567 saepe,
872 1515 986 1570 quae
1006 1501 1248 1552 excitatur
1265 1503 1409 1552 unius
1434 1503 1581 1570 partis
1598 1517 1700 1548 car·
1778 1514 1779 1517 ¹

0 1566 552 1642 fflla‘gffrffia'dmiratio
568 1607 583 1632 ,
595 1571 791 1623 alterius
806 1575 1159 1624 terminatione
1173 1574 1341 1641 iniqua
1368 1591 1455 1625 aut
1468 1571 1698 1623 deficien-

80 1660 132 1698 te
158 1642 389 1699 eluditur.
448 1647 620 1697 Inveni
635 1662 808 1714 parvas
828 1644 1070 1697 acetabuli
1094 1662 1278 1714 partes,
1305 1650 1443 1712 cujus
1468 1662 1699 1698 concavo

79 1717 302 1792 apposita
323 1717 417 1771 fuit
440 1716 644 1770 dimidia
667 1735 774 1785 pars
791 1718 931 1788 globi
953 1716 1066 1769 offis
1083 1732 1367 1770 extremum
1396 1718 1620 1770 referens.

194 1794 249 1843 In
270 1794 556 1844 craniorum
582 1809 667 1844 aut
688 1791 849 1843 frustis
871 1789 1197 1847 informibus,
1214 1808 1301 1843 aut
1322 1790 1556 1843 mirandis
1587 1810 1697 1862 par·

78 1864 233 1921 tibus,
259 1883 373 1935 quae
404 1863 577 1918 suturis
614 1864 831 1934 ligantur
854 1901 868 1922 .
924 1863 1252 1936 quorundam
1283 1881 1481 1917 externa
1517 1864 1699 1916 laevitas

78 1943 310 2009 proxima
332 1937 401 1991 est
425 1956 546 1991 vero
565 1975 579 1996 ,
615 1939 833 1991 aliorum
859 1940 1066 1990 interior
1091 1936 1333 1990 struCtura
1360 1938 1494 2008 quali
1524 1942 1697 2007 apium

76 2011 222 2065 alveis
249 2010 593 2071 confunditur,
668 2014 740 2064 Eo
764 2011 973 2083 quidem
1001 2010 1120 2069 situ,
1139 2015 1227 2082 qui
1253 2011 1477 2069 cerebelli
1502 2012 1697 2063 cellulas

74 2083 234 2156 posset
249 2084 603 2144 exhibere,niss
627 2087 676 2137 in
699 2084 847 2140 altera
863 2084 1095 2155 opposita
1122 2102 1262 2155 parte
1286 2084 1534 2137 deficeret.
1557 2088 1696 2148 Qua-

73 2161 133 2210 lia
148 2158 405 2213 ebullantis
427 2159 659 2211 fermenti
681 2158 928 2212 foramina
943 2158 1054 2210 alias
1070 2159 1189 2229 saspe
1202 2159 1355 2211 sceleti
1373 2176 1531 2230 partes
1544 2193 1559 2216 ‚
1584 2166 1695 2231 qui-

74 2233 167 2285 bus
183 2236 394 2286 minime
404 2250 718 2302 congruunt,
732 2235 914 2303 pariter
935 2230 1218 2299 deturpant.

189 2306 489 2379 Costae‚quae
505 2307 626 2357 licut
643 2322 805 2360 cetera
830 2304 1102 2376 singillatim
1117 2304 1692 2368 effodiuntur,omnium
1772 2313 1774 2317 “

70 2381 280 2432 minime
307 2380 417 2434 sunt
441 2379 679 2449 iuspefflae.
1647 2373 1653 2379 ¹

191 2454 551 2507 Vertebrarum
574 2456 655 2506 vix
683 2451 804 2505 duas
838 2469 943 2504 uno
967 2451 1088 2504 loco
1112 2454 1336 2504 invenire
1359 2449 1535 2504 datum
1572 2450 1691 2512 fuit,
1768 2463 1775 2497 ι’,

70 2539 127 2576 ut
152 2527 359 2597 quidem
386 2543 560 2580 earum
587 2542 807 2596 quatuor
841 2525 972 2577 certa
997 2529 1046 2578 ὃς
1071 2522 1401 2579 determinata
1430 2525 1587 2595 figura
1617 2531 1691 2574 oi·
1751 2540 1773 2591 μ·

70 2598 262 2652 stinCtas
288 2600 466 2670 species
501 2600 804 2661 observare3
862 2617 1081 2668 quarum
1120 2615 1208 2669 par
1243 2603 1291 2650 in
1318 2597 1513 2670 singulis
1541 2597 1688 2664 Sym·
1750 2606 1758 2635 ⁵-

71 2678 243 2725 metria
277 2690 735 2745 quantumcunque
756 2671 988 2725 mirabilis
1016 2671 1082 2724 est
1105 2691 1121 2736 3
1161 2673 1286 2744 quid
1313 2689 1481 2724 tamen
1507 2671 1687 2734 habet,

1544 2746 1687 2814 quod
1766 2783 1770 2788 .
