1804 3079
810 120 919 175 324

206 211 326 262 Non
349 203 601 258 sufficiunt
631 198 715 252 ista
739 196 801 249 ad
844 193 1164 269 probandam
1187 198 1461 250 Coloniam
1506 199 1702 250 Roma·
1764 256 1766 274 1
1802 229 1804 238 ·

83 300 216 341 nam,
243 279 330 331 nisi
368 276 629 347 sepulturae
673 289 828 343 genus
853 309 867 329 ‚
906 273 937 342 (
967 286 1086 325 utut
1129 269 1449 340 inscriptione
1498 270 1702 323 destitu-
1764 279 1767 327 ἐ

87 373 200 412 tum
220 365 238 420 )
257 351 598 418 vasorumque
625 345 852 399 ficiihum
875 345 1043 396 forma
1073 346 1124 396 ὅ(
1139 343 1325 397 modus
1347 358 1546 397 aetatem
1576 342 1703 394 indi·
1772 382 1773 386 ,

83 444 263 485 carent.
336 421 773 490 Qandoquidem
799 417 984 471 offium
999 416 1218 489 reliquiae
1240 434 1427 470 omnes
1452 433 1587 470 extra
1613 434 1701 468 va-

85 500 337 565 sa‘fif’tilia
378 514 497 551 cum
543 497 713 565 capitis
773 496 964 564 integra
1004 507 1142 563 parte
1184 529 1200 552 ‚
1248 496 1265 553 (
1310 495 1392 543 cui
1443 489 1701 560 appositus
1773 502 1775 506 ⁴

86 594 190 632 erat
220 571 460 648 gladius)
500 569 608 621 sunt
640 584 861 639 repertae.
937 569 1009 619 Ut
1041 562 1235 618 constet
1276 601 1290 622 ‚
1314 563 1553 617 cadavera
1598 580 1704 615 non

88 666 308 704 cremara
332 684 345 707 ‚
376 644 454 698 sed
489 643 699 695 humata
733 640 872 694 fuiffe
893 676 907 699 ,
938 641 1143 711 Pagano
1182 637 1444 710 sepeliendi
1476 641 1590 698 ritu,
1612 638 1704 708 qui
1775 635 1779 691 ζ

87 723 305 778 demum
330 733 565 790 tempore
597 717 981 769 Antoninorum
1009 710 1237 775 invaluit,

219 821 331 886 Jam
360 820 675 871 monimenta
698 818 870 866 omnia
899 811 1137 867 testantur
1164 846 1178 870 2
1204 809 1306 884 ipsa
1328 810 1448 870 hac,
1478 814 1566 882 (&
1593 814 1709 883 qui-

87 892 209 947 dem
250 896 320 946 Μ.
350 890 532 947 Aurelii
571 890 591 953 )
627 904 770 939 aetate
796 888 1046 962 Legionem
1087 888 1132 938 X
1166 882 1423 942 Alaudam
1465 893 1483 944 (
1516 903 1709 959 cogno-

86 970 226 1021 mine
248 966 395 1039 quod
419 966 532 1018 alibi
556 961 653 1015 fitae
678 966 924 1032 Legiones
949 999 961 1020 .
999 978 1120 1014 cum
1161 960 1235 1013 illa
1251 992 1266 1018 ,
1289 977 1499 1031 propter
1549 962 1711 1031 galeas

91 1039 277 1095 alaudis
302 1041 536 1111 insignes,
553 1053 838 1089 commune
853 1035 1173 1101 habuerunt)
1189 1035 1328 1088 istam
1349 1038 1609 1105 regionem
1623 1050 1713 1086 oe·
1783 1060 1785 1085 1

89 1115 304 1185 eupaffe.
398 1111 675 1181 Postquam
710 1112 758 1161 in
797 1109 971 1162 locum
999 1111 1237 1180 Legionis
1265 1110 1390 1168 xm.
1416 1108 1504 1163 sub
1535 1110 1710 1178 Traja-

90 1206 163 1242 no
185 1192 235 1242 in
269 1190 479 1241 Daciam
507 1183 734 1238 deduCtae
773 1183 866 1236 fuit
895 1182 1128 1236 restituta.

235 1288 357 1338 Haec
381 1284 628 1355 quoniam
668 1278 964 1334 Germanica
998 1279 1127 1332 dicia
1159 1279 1254 1334 fuit
1277 1317 1291 1339 ‚
1314 1283 1535 1335 maxima
1575 1298 1713 1351 parre

88 1374 153 1412 ex
184 1361 444 1412 Germanis
470 1354 846 1409 constans‚non
873 1352 1176 1408 Germanum
1200 1357 1396 1411 minus,
1419 1352 1574 1428 quam
1599 1358 1708 1410 Ro-

90 1448 306 1487 manum
334 1431 598 1482 militarem
627 1429 808 1481 Virum
851 1431 1028 1483 innuit.

32 1592 76 1616 ·--.
96 1534 309 1609 Q*
347 1535 583 1588 vasorum
624 1531 854 1585 fiffllium
892 1531 1062 1584 forma
1105 1531 1378 1602 amphoras
1428 1535 1480 1587 &
1519 1548 1712 1605 pateras

21 1604 31 1617 “
72 1607 305 1662 ‘referens
329 1607 482 1660 docet
509 1604 728 1665 ,ferculis
750 1640 764 1662 2
797 1623 909 1676 quae
933 1605 1210 1675 superstitio
1233 1609 1427 1678 Pagana
1450 1611 1501 1658 in
1529 1607 1711 1659 inferiis

91 1682 389 1752 apponebat
434 1716 448 1739 ,
494 1696 572 1731 eas
617 1677 877 1731 destinaras
907 1716 920 1738 ,
974 1683 1026 1732 &
1099 1678 1307 1749 repletas
1354 1680 1493 1733 fuiffe
1539 1685 1708 1745 vin0‚

93 1755 241 1827 quod
256 1754 490 1808 inferium
507 1750 767 1804 dicebatur
782 1791 795 1813 ‚
810 1769 901 1805 nec
913 1770 1019 1806 non
1036 1752 1161 1807 laste
1176 1755 1227 1807 ὅτ.
1241 1752 1477 1826 sanguine
1491 1771 1611 1810 cum
1631 1758 1705 1815 iis,

91 1846 206 1901 quae
220 1848 281 1884 ex
302 1828 506 1883 vifiima
530 1825 828 1897 supererant.

239 1927 455 1986 Naulus
482 1929 533 1980 in
549 1929 744 1982 maxilla
757 1932 948 2001 integra
971 1947 1076 1983 non
1095 1927 1164 1984 est
1180 1943 1432 2002 repertus,
1446 1947 1538 1985 nec
1550 1929 1710 1989 ullum

97 2017 314 2060 monetae
336 2003 620 2075 vestigium.

1427 2651 1534 2736 M
1515 2649 1712 2763 yste-
