1804 3079
843 123 942 178 ως

570 225 994 325 ACTVS
1051 222 1195 311 ΠΙ.

254 377 409 436 Stena
468 375 509 430 l.
587 371 827 427 Illucescit
880 368 1090 426 tandem
1127 366 1379 441 praecipua
1427 363 1708 439 spestaculi

409 466 555 522 pam
617 534 947 588 TEMPLVM
983 532 1168 601 JANI,

196 642 269 696 Ur
290 637 400 692 finis
426 629 597 686 rerum
624 627 823 703 egregie
838 629 1088 701 gestarum
1102 625 1464 699 bellorumque
1476 644 1574 699 pro
1588 625 1714 682 salu·

3 733 5 737 ·
75 734 126 770 te
152 715 353 788 publica
380 708 740 777 susceptorum.
800 702 959 769 Quod
976 708 1164 763 Romae
1178 705 1330 757 etiarn
1347 704 1472 755 olim
1487 719 1578 755 nec
1591 701 1714 761 [itu.

73 807 168 845 nec
183 783 547 859 significatione
561 778 786 833 multum
804 777 1016 832 distabat
1041 795 1068 830 a
1082 780 1231 831 Porta
1246 776 1449 843 Januali.

188 864 302 927 Ejus
327 856 550 912 formam
579 851 750 905 sistunt
773 851 1097 906 Numismata
1134 854 1356 923 antiqua.
1453 847 1536 901 Ad
1555 846 1716 899 Tem-

71 937 218 1007 plum
241 933 341 986 boc
366 933 419 981 in
446 925 642 981 editiori
665 925 788 979 loco
849 925 1038 979 ostrum
1061 923 1261 979 aditum
1288 926 1529 995 utrinque
1551 936 1714 992 augu-

71 1010 278 1062 stiorem
306 1000 526 1057 reddunt
550 999 774 1071 duplices
835 999 975 1062 calae,
999 999 1263 1052 arboribus
1287 1014 1479 1050 ornatae
1503 1011 1601 1066 pro
1626 1012 1715 1046 an-

75 1086 225 1154 tiquo
251 1095 398 1131 more
411 1094 472 1128 ex
488 1073 752 1140 Juvenale:
775 1073 971 1148 Longos
986 1075 1146 1127 erexit
1160 1072 1318 1145 janua
1329 1085 1529 1131 ram053
1556 1070 1715 1138 lupri-

76 1160 170 1208 mis
194 1155 422 1207 Porticus
447 1151 547 1200 ΧΠ.
578 1152 811 1202 Arcuum
837 1165 898 1200 ex
936 1165 1054 1200 utro
1098 1166 1161 1200 ue
1185 1146 1347 1207 latere,
1376 1142 1530 1218 aequo
1554 1142 1715 1196 Colu-

70 1246 312 1282 mnarum
341 1220 766 1292 Compofitarum
789 1238 1026 1284 numer-0,
1089 1219 1302 1274 istinstae.

186 1298 340 1356 Scena
361 1314 411 1352 2.
452 1300 629 1348 Oritur
654 1293 986 1350 albicantibus
1010 1293 1184 1347 senfim
1208 1298 1260 1347 in
1289 1290 1527 1347 Nubibus
1558 1283 1713 1344 Phos-

61 1370 281 1449 phorus,
309 1373 426 1444 qui.
448 1386 505 1424 ut
527 1375 580 1422 in
606 1368 859 1438 Symbolo
885 1371 1114 1422 Heroico
1138 1366 1461 1424 Sereniffimae
1472 1361 1712 1437 Augustae

75 1453 281 1518 Corpus
310 1443 597 1501 constituit,
627 1445 740 1510 Ejus
763 1444 1218 1513 Monogrammate
1240 1444 1275 1494 E
1300 1455 1525 1493 notatur.
1605 1439 1714 1506 Ap-

72 1539 210 1592 paret
262 1523 316 1573 in
367 1515 634 1571 Coronide
692 1515 895 1588 Templi
943 1516 1201 1590 inscriptio
1249 1511 1576 1569 Numismati·
1614 1512 1710 1577 Req

70 1595 190 1668 galis
214 1610 230 1651 t

364 1674 655 1730 OCClDVI
690 1675 917 1731 DECVS
957 1677 1053 1728 AC
1090 1672 1421 1733 ORlEN'l'IS.

186 1765 342 1824 Scena
385 1785 432 1834 Ξ.
506 1763 684 1818 Paullo
706 1763 822 1836 post
845 1767 895 1816 in
923 1762 1100 1817 serenis
1125 1762 1344 1817 omnino
1365 1759 1587 1816 nubibus
1609 1755 1709 1829 ipse

76 1844 382 1912 conspicitur
405 1835 528 1899 Sol,
567 1842 709 1902 cuius
747 1837 994 1900 circulum
1034 1836 1245 1891 absolvit
1277 1836 1464 1908 duplex
1495 1831 1706 1905 Augusti

76 1918 317 1971 Nominis
331 1912 524 1965 Initialis
540 1911 676 1963 litera
696 1927 712 1963 .·
733 1913 943 1965 Tuncin
970 1911 1219 1964 coronide
1242 1909 1612 1981 templilocum
1630 1905 1706 1957 di-

72 1991 306 2059 sparentis
319 1987 654 2052 Inscriptionis
677 1982 997 2053 praecedentis
1014 2001 1235 2053 occupat
1251 1988 1300 2037 in
1314 1983 1566 2053 Zophoro
1583 1977 1706 2032 illud

71 2063 243 2134 Virgil.
286 2080 299 2114 ε
327 2060 721 2125 UTRVMQF,
758 2060 1162 2115 RECVRRENS
1202 2059 1458 2112 ASP-lCIT
1498 2057 1704 2109 OCEA-

71 2138 250 2195 NUM.
1479 2135 1503 2153 '³

191 2219 342 2275 Scena
379 2244 427 2284 4.
463 2217 731 2287 Simulque
755 2234 960 2288 repente
989 2221 1038 2270 in
1066 2216 1242 2270 medio
1266 2217 1581 2290 singulorum
1608 2215 1703 2265 Ar-

72 2314 233 2350 cuum
254 2296 355 2346 XII.
382 2292 579 2365 fulgent
600 2288 732 2346 ΧΠ.
754 2288 904 2364 Signa
933 2288 1135 2346 Zodiaci
1149 2312 1165 2353 ς
1195 2291 1386 2345 Verum
1409 2294 1509 2355 ita,
1532 2305 1590 2341 ut
1614 2304 1702 2338 eo-

73 2388 189 2424 rum
214 2365 515 2437 Symbolicae
537 2367 781 2435 imagines
803 2365 1163 2436 significatione
1191 2367 1368 2417 Morali
1394 2358 1704 2433 applicentur

73 2444 137 2497 ad
175 2445 353 2495 vivum
388 2439 619 2493 nostrum
649 2438 817 2491 Solem
841 2475 854 2495 ‚
894 2444 982 2509 qui
1012 2439 1139 2491 Orbi
1169 2440 1450 2492 Christiano
1477 2435 1562 2490 sub
1586 2435 1702 2486 anni

71 2517 343 2588 auspicium
357 2528 563 2567 exortus
577 2511 673 2571 est,
689 2515 777 2583 qui
806 2512 941 2565 hunc
957 2517 1109 2565 etiam
1127 2516 1390 2566 Virtutum
1419 2507 1703 2564 Zodiacum

72 2604 337 2661 perpetuo¹
367 2588 816 2657 motu·percurrit;
847 2603 1008 2656 utque
1042 2584 1188 2638 fimul
1215 2584 1464 2639 alludatur
1498 2580 1562 2634 ad
1587 2582 1692 2633 XII.

76 2663 293 2720 Labores
313 2654 570 2715 Herculis.
645 2658 782 2714 Nam
806 2658 1204 2786 testgMacrobio
1215 2660 1486 2717 Herculem
1507 2656 1701 2799 ἓτῆιεῑὶίἓυί

976 2748 1008 2801 5
1127 2775 1129 2777 ·
1655 2744 1705 2779 a·
