1804 3079
5 184 10 196 ,
191 191 195 194 ,
847 129 946 187 325

54 244 154 334 M
139 238 978 358 ysteria-Dionystorum
1007 240 1074 322 S
1079 306 1097 324 .
1139 233 1550 355 Orgiorum
1577 230 1659 314 in

295 377 614 427 marmoreo
640 355 784 442 vase
809 357 1076 440 Antiquo
1105 355 1174 424 S.
1206 355 1278 419 C.
1309 366 1396 414 Er

626 447 799 514 CAT.
851 449 1047 522 ΜΛ).
1539 478 1637 544 1⁴²⁶

49 588 193 629 ματη.
317 564 539 622 Ermini‚
573 561 641 614 dii
672 562 854 617 rurales
879 564 931 616 &
956 565 1215 616 vinearum
1245 553 1507 615 custodes,
1541 551 1661 608 culti

11 639 13 648 ²
345 642 398 689 in
421 637 556 689 sacris
569 637 746 690 Bacchi
756 653 876 691 cum
889 638 1048 707 Priapi
1061 635 1283 689 obscenis
1307 667 1320 690 .
1337 647 1439 703 que
1459 627 1661 682 Baccho

345 726 639 766 excitantur.

124 813 172 849 2.
339 783 545 858 Satyrus
570 783 743 836 dextra
778 799 917 839 tenet
941 798 1026 839 vas
1055 781 1083 853 (
1112 779 1183 852 ς)
1210 776 1513 832 destinatum
1536 772 1662 826 liba-

192 860 316 913 mini
344 861 395 910 in
420 875 503 911 ara
534 856 757 910 adstante
780 895 797 922 ,
835 875 1001 929 neque
1037 871 1205 909 tamen
1231 852 1412 907 habens
1438 850 1660 902 formam

200 935 277 987 vel
290 935 503 1004 gutturis
520 932 597 984 vel
618 930 941 1001 praefericuli,
970 930 1046 984 vel
1076 926 1273 999 {impuli
1298 963 1310 983 ,
1336 923 1416 976 sed
1440 916 1661 986 carrhefii

194 1008 224 1061 ί
275 1008 399 1069 illimus
445 1004 759 1060 instrumenti
795 1042 815 1070 ‚
879 1023 991 1077 quo
1036 1003 1236 1057 Baccho
1282 1000 1463 1052 libatur
1512 992 1661 1046 Teste

192 1084 345 1154 Virg:

614 1198 616 1201 ,
687 1151 867 1207 Libans
899 1148 1144 1205 carehesia
1170 1146 1385 1202 Baccho,

344 1225 539 1283 Sinistra
583 1224 840 1296 pedonem
879 1226 910 1298 ζ
932 1225 1022 1296 4)
1063 1223 1247 1278 fustem
1286 1224 1608 1276 incurvatum
1643 1250 1660 1276 ,

196 1317 306 1373 quo
326 1301 372 1354 se
395 1302 614 1356 furentes
636 1301 1036 1373 bacchantesque
1060 1295 1389 1353 verberabant
1411 1310 1429 1362 ς
1461 1294 1515 1343 Iu
1544 1288 1657 1340 bra-

189 1377 307 1428 chio
346 1373 632 1436 Nebridem(
654 1391 676 1443 5
707 1377 736 1443 )
764 1373 814 1426 h.
838 1391 878 1427 e.
903 1373 1083 1447 pellem
1105 1360 1658 1437 hinnulinam,qualem

194 1468 291 1521 pro
326 1449 685 1502 bacchantium
720 1463 865 1499 more
907 1450 1163 1519 sequentes
1238 1456 1421 1498 ortant.
1505 1440 1658 1490 Hunc

191 1525 401 1594 agminis
426 1522 692 1574 duetorem
728 1518 955 1575 describit
997 1519 1139 1572 Silius
1244 1518 1274 1571 l.
1311 1551 1334 1563 -
1371 1545 1388 1554 ·
1425 1520 1691 1599 -Qffssfffi

189 1613 370 1649 omnes
397 1595 598 1648 Dustor
625 1593 826 1646 honori.

387 1671 628 1722 Nominis
648 1664 864 1737 augusto
887 1666 1004 1719 libat
1028 1663 1284 1723 Carchefia
1315 1665 1429 1716 ritu.

119 1746 170 1802 6.
339 1744 461 1797 Ara
487 1740 682 1810 incensa
697 1755 818 1792 cum
841 1743 1069 1813 Encarpo
1100 1745 1210 1811 (7)
1226 1740 1315 1812 qui
1343 1750 1451 1789 non
1476 1732 1572 1789 est.
1598 1743 1657 1786 ut

190 1814 342 1877 solet,
365 1817 722 1884 pampinaccus
757 1814 835 1867 vel
863 1816 1179 1869 hederaceus.
1639 1835 1641 1840 ’

125 1902 174 1952 8·
341 1884 541 1959 Orgista
595 1887 644 1939 h.
671 1906 713 1941 e.
754 1891 934 1944 Bacchi
968 1891 1112 1943 Sicra
1146 1885 1393 1940 celebrans
1415 1916 1431 1940 2
1475 1874 1658 1935 nudus,

190 1978 248 2015 ur
272 1976 452 2015 omnes
486 1961 660 2013 Bacchi
697 1965 936 2023 comites.
972 1967 1090 2037 quia
1114 1965 1289 2017 vinum
1321 1955 1497 2010 omnia
1518 1950 1658 2004 dete·

184 2038 260 2107 git
282 2033 587 2105 revelatque.

316 2110 503 2160 Dextra
527 2109 655 2179 gerit
678 2104 987 2183 Tbyrsum(
1018 2131 1050 2181 9
1078 2110 1107 2182 )
1132 2105 1314 2161 sinistra
1349 2094 1604 2156 Nebridem
1633 2136 1654 2165 ‚

182 2195 342 2252 prout
371 2184 568 2234 Statius,

83 2271 162 2313 10.
303 2253 552 2309 Nebrides
574 2253 829 2325 &fragiles
842 2251 1058 2327 Thyrsos
1085 2270 1286 2323 portare
1310 2247 1528 2321 putastis·
1577 2246 1654 2302 Si-

182 2327 318 2383 lenus
343 2327 650 2381 temulentus
664 2328 882 2383 'ostendit
896 2333 1037 2384 usum
1055 2327 1247 2397 Thyrsi,
1262 2342 1318 2378 ut
1336 2324 1420 2375 1110
1436 2318 1654 2373 titubans

180 2401 370 2471 gressus
395 2401 683 2454 sustineatur
706 2421 723 2465 3
746 2401 924 2455 finistra
955 2404 1083 2469 fert,
1109 2402 1367 2454 summum
1393 2400 1440 2445 in
1481 2396 1654 2446 Bacchi

182 2475 321 2528 fatris
367 2473 659 2544 mysterium
682 2510 695 2534 ,
728 2471 928 2545 cistam,
967 2477 996 2548 (
1037 2492 1097 2535 11
1132 2477 1160 2546 >
1199 2490 1294 2544 qua
1349 2463 1654 2524 clauduntur

164 2549 428 2622 firpentes,
443 2550 493 2598 in
511 2549 817 2601 memoriam
835 2549 1133 2620 serpentum,
1149 2551 1334 2618 quibus
1361 2546 1519 2595 Parcae
1537 2546 1654 2594 Bac·

179 2622 258 2675 ehi
275 2623 356 2675 vix
380 2621 483 2675 nati
512 2637 662 2692 caput
691 2623 950 2677 cinxerunt
987 2621 1209 2674 innoxie.

949 2737 1059 2802 Xg
1577 2728 1656 2776 De

1693 1566 1716 1595 ιζ
1742 1557 1798 1591 ¹0,
